3008 4666
325 252 365 305 lle
385 250 452 305 Cain
473 254 500 304 et
519 251 587 305 Abel
606 252 617 304 l
641 252 662 303 l.
683 253 706 307 2.
726 252 787 305 (4.5
826 252 849 317 (l
871 250 1051 313 issa-ras
1067 251 1112 318 D).
1226 252 1288 317 3-ss

146 452 294 533 gentes
323 448 360 511 in
389 450 506 511 utero
535 450 605 510 tuo
631 450 724 509 suut
749 448 786 509 et
810 446 885 509 duo
910 447 1053 529 populi
1077 446 1121 510 de
1146 452 1290 511 uentre

146 560 215 620 tuo
235 554 411 619 exibunt.
430 552 515 634 quod
530 553 557 615 si
572 552 611 615 ad
626 552 761 616 animam
776 553 903 629 referas,
919 553 1050 617 eamdem
1065 554 1290 636 generatricem

145 660 220 725 boni
238 663 271 724 et
289 660 364 724 mali
384 660 562 741 intelleges,
582 659 656 739 quia
676 678 710 721 er
725 659 861 740 quodum
880 660 967 721 fonte
984 658 1105 723 animae
1120 663 1290 742 utrumque

145 768 302 845 demanat,
329 767 385 831 sed
408 768 468 831 boc
492 766 589 830 sobrii
614 766 696 829 solet
720 785 789 829 esso
813 766 934 843 iudicii,
959 770 995 830 ut
1018 767 1182 849 repudiato
1204 768 1288 831 malo

111 876 236 939 suelut
263 875 401 939 enutriat
430 873 514 955 quod
543 873 659 937 bonum
688 876 737 937 cst
764 876 859 954 atque
891 874 1063 940 confirmet.
1095 874 1182 955 prius
1215 892 1288 957 ergo

146 1002 240 1063 quam
271 982 374 1063 pariat
406 982 534 1057 bouum,
569 981 627 1043 lroc
661 983 710 1043 est
742 981 950 1044 reuerentiam
983 980 1041 1044 deo
1076 980 1224 1058 debitam,
1253 983 1388 1045 utlssn
1480 968 1484 975 ¹

143 1087 207 1169 ipsi
228 1090 333 1152 totum
357 1087 487 1163 deferat,
512 1106 570 1150 sua
592 1086 742 1167 praefert3
768 1104 841 1149 cunr
860 1106 935 1151 uero
956 1087 1100 1169 genuerit
1118 1086 1289 1151 confessio·

144 1214 227 1271 nem,
253 1213 332 1275 quae
357 1194 496 1257 defertur
520 1192 588 1269 deo,
614 1192 743 1273 deponit
765 1194 814 1256 sui
838 1192 940 1257 oordis
961 1198 1129 1257 tumorem.
1150 1192 1289 1257 adiciens

144 1319 218 1383 ergo
238 1300 316 1364 deus
335 1301 453 1364 bonum
473 1300 595 1362 animae
615 1298 731 1382 dogma
749 1299 828 1363 Abel
844 1300 978 1363 abstulit
992 1301 1159 1381 inprobum
1175 1300 1290 1383 dogma

10 1402 76 1483 2’.‚5
99 1426 126 1465 10
144 1406 230 1473 Cain.
247 1426 305 1490 ego
320 1410 425 1470 tamen
445 1406 505 1469 boc
523 1406 593 1470 looo
614 1407 787 1470 seeundum
809 1408 998 1489 scripturam
1017 1407 1206 1489 mysterium
1225 1426 1288 1470 uro·
1316 1418 1338 1471 B

144 1514 193 1597 gis
214 1514 349 1578 duorum
367 1513 562 1594 populorum.
577 1512 739 1595 intellego,
754 1512 838 1595 qnod
858 1513 935 1576 deus
955 1512 1117 1577 adiciendo
1134 1514 1288 1578 eeclesiae

144 1639 219 1685 suae
238 1620 333 1684 fidem
352 1620 421 1702 piae
440 1619 543 1701 plebis
564 1619 698 1682 abstulit
716 1618 880 1701 perfidiam
898 1619 1008 1701 populi
1028 1620 1286 1702 praeuarioontis,

144 1726 268 1807 quando
297 1726 424 1807 quidem
453 1725 586 1788 uerba'
579 1745 648 1806 rpsa
676 1726 735 1789 boc
764 1724 941 1808 significare
970 1726 1098 1789 uideant
1084 1730 1137 1789 t·ur
1164 1727 1287 1791 dicente

144 1832 219 1897 deo.
251 1833 351 1896 denae
383 1836 527 1916 gentes
556 1830 593 1894 in
622 1834 833 1894 uterotuo
864 1834 957 1895 sunt
981 1832 1118 1897 duo
1143 1835 1286 1914 populi

99 1962 124 2001 ιο
143 1940 187 2004 do
210 1944 353 2004 uentre
377 1944 445 2004 tuo
472 1939 648 2002 exibunt.
668 1940 745 2002 haec
765 1938 868 2022 figura
887 1958 1101 2022 syrragogaee
1103 1941 1284 2003 localesiae
1318 1960 1338 2014 c

140 2046 172 2109 in
200 2047 272 2111 istis
303 2048 427 2111 duobus
457 2046 607 2110 fratribus
639 2049 711 2109 ante
741 2046 922 2126 praecessit,
952 2045 1027 2110 Cain
1057 2049 1088 2109 et
1114 2046 1205 2110 Abel.
1229 2066 1285 2127 per

134 2152 218 2217 ¹Cain
244 2153 440 2234 parricidalis
467 2154 606 2235 populus
633 2152 831 2235 intellegitur
857 2152 1055 2229 ludaeorum,
1086 2153 1138 2234 qui
1164 2153 1283 2216 domini

140 2263 173 2323 et
200 2259 338 2324 auctoris
367 2260 417 2322 sui
446 2264 477 2322 et
505 2260 679 2323 secuudum
709 2260 827 2323 Mariae
854 2260 989 2343 uirginis
1016 2263 1141 2343 partum
1164 2260 1280 2339 fratris,

139 2370 177 2429 ut
199 2366 245 2430 ita
268 2365 381 2441 dicam,
404 2366 589 2449 sanguinem
608 2368 794 2446 persecutus
814 2369 873 2443 est,
892 2386 947 2447 per
964 2367 1045 2430 Abel
1064 2370 1169 2430 autem
1190 2368 1281 2431 intel-

93 2498 122 2537 ao
139 2472 257 2555 legitur
286 2471 484 2537 Christianus
509 2472 680 2535 adhaerens
706 2471 774 2547 deo,
799 2472 884 2535 sicut
908 2477 940 2536 et
965 2473 1068 2536 llauid
1092 2475 1151 2538 ait:
1183 2475 1281 2537 mihi

140 2583 272 2643 autern
298 2579 516 2643 adhaerere
542 2578 612 2641 deo
628 2578 779 2642 bonum
806 2583 876 2655 est,
900 2583 938 2643 ut
962 2598 995 2642 se
1017 2579 1208 2644 caelestibus
1229 2581 1281 2643 ad-

139 2689 269 2763 texeret,
295 2686 466 2750 aterrenis
492 2688 701 2766 separart.ee
685 2685 816 2748 etalibi
840 2685 994 2749 defecit
1019 2685 1125 2767 inquit
1152 2689 1281 2750 anima

139 2811 224 2856 mea
255 2792 292 2855 in
326 2791 492 2855 uerbum
523 2794 712 2867 tuamen
744 2792 827 2872 quod
859 2792 997 2855 ordinem
1028 2793 1158 2855 uiuendi
1186 2796 1280 2876 atque
1308 2817 1332 2868 n

139 2916 234 2961 usum
261 2917 322 2961 non
350 2899 382 2962 in
412 2898 544 2961 terrenis
574 2897 806 2979 uoluptatibus,
838 2898 894 2961 sed
923 2898 954 2961 in
984 2900 1073 2962 uerbi
1104 2901 1281 2984 cognitione

91 3030 120 3072 aa
138 3004 310 3087 posuisset.
339 3024 374 3067 ex
398 3022 460 3085 quo
485 3003 688 3087 cognoscitur
712 3022 768 3067 nec
791 3003 871 3066 illud
895 3004 997 3068 otiose
1021 3005 1176 3087 scriptum
1200 3026 1280 3082 esse,

140 3112 196 3176 sed
218 3130 369 3193 perpense
394 3114 426 3174 et
449 3110 622 3174 examinate
647 3109 730 3192 quod
752 3110 891 3192 legimns
915 3111 946 3174 in
970 3111 1152 3194 Regnorum
1173 3114 1280 3179 libris:

229 3317 329 3371 9Phil.
349 3316 382 3370 de
401 3333 468 3370 saer.
489 3318 504 3369 2
526 3318 597 3379 (164.
618 3318 664 3375 23;
684 3316 698 3369 Ι
717 3317 777 3380 204,
797 3318 813 3369 3
836 3316 876 3383 C.)
957 3320 990 3371 20
1009 3319 1107 3374 Psalrn.
1126 3320 1227 3375 LXXII
1246 3324 1280 3376 ‘28

138 3408 175 3461 22
191 3407 289 3460 Psalm.
311 3405 423 3459 CXVHI
442 3406 474 3458 81

174 3532 191 3584 2
209 3532 401 3600 generatricem
423 3532 462 3589 (ra
481 3545 501 3582 s.
520 3533 559 3594 ae.)
579 3528 641 3581 MR
660 3529 818 3597 genitricem
837 3529 950 3582 Monac.
966 3533 1064 3582 14399
1117 3534 1135 3585 4
1154 3532 1280 3588 demanat

136 3620 175 3675 M
191 3626 216 3674 et
235 3622 260 3687 (e
279 3637 312 3673 ea·
330 3620 339 3671 i
360 3622 415 3685 rrr2)
435 3618 461 3671 V
477 3618 600 3670 dimanat
618 3625 664 3671 cot.
714 3623 856 3686 postesse
877 3619 942 3674 add.
963 3619 1019 3672 ueri
1033 3620 1061 3673 B
1080 3621 1280 3690 (interpretatio

135 3715 177 3765 eat
194 3709 273 3763 umbi
291 3707 384 3773 sobrii)
441 3710 456 3761 5
476 3707 552 3760 uelut
565 3706 664 3758 MAA¹
683 3707 728 3759 uel
746 3711 792 3759 cet.
849 3707 863 3758 7
878 3707 996 3775 praefert
1009 3708 1037 3761 B
1052 3710 1104 3775 (ert
1117 3710 1149 3762 in
1162 3715 1230 3777 ros.)
1245 3712 1280 3764 P'

140 3802 208 3865 (reto.
225 3814 247 3854 s.
266 3801 301 3863 rt)
375 3796 391 3849 8
413 3812 464 3864 qua
484 3794 646 3849 SMBm‘P‘
719 3796 752 3848 10
770 3794 927 3865 mysterium
948 3796 1032 3849 SAP‘
1050 3798 1228 3853 ministerium
1245 3801 1283 3854 M

136 3887 287 3941 misterium
302 3890 349 3941 cel.
442 3885 474 3937 17
494 3883 672 3952 parricidialis
691 3884 745 3937 BP
763 3889 788 3937 et
806 3885 827 3954 (i
845 3890 904 3938 tert.
924 3885 994 3955 esp.)
1019 3888 1044 3939 V
1122 3889 1228 3957 populis
1246 3890 1284 3942 M

136 3976 215 4046 pplss
235 3975 256 4039 (i
273 3979 305 4027 ct
322 3973 433 4026 uidetur
451 3976 531 4039 eros.)
552 3972 580 4025 A
653 3972 685 4025 18
705 3977 732 4025 et
746 3989 790 4039 pr.
811 3990 860 4028 one¹
880 3973 907 4025 B
986 3976 1019 4028 20
1038 3976 1154 4045 populus
1173 3978 1279 4031 christi·

138 4082 206 4119 anus
224 4064 288 4116 AA‘
352 4064 383 4116 21
406 4079 433 4116 se
452 4079 473 4116 s.
492 4079 519 4115 ac.
538 4060 576 4114 M
637 4063 670 4114 22
689 4063 804 4116 terrenis
823 4062 1012 4132 AA¹pterris
1032 4064 1096 4117 tiore·
1158 4067 1192 4120 26
1211 4068 1280 4136 legi·

136 4152 253 4206 musM
270 4153 385 4218 (icae)
459 4150 600 4219 regumV
