3008 4666
238 250 309 314 446
719 247 918 300 Ambrosii

240 443 433 526 germinauit
456 447 540 507 terra
563 442 737 520 fecundior,
768 446 892 526 segetes
923 447 1106 526 spectantur
1134 441 1243 518 tritici,
1272 443 1391 508 hordeo

238 537 345 631 campi
386 551 557 633 replentur,
600 570 709 617 comae
752 532 897 614 arborum
935 550 1062 613 uenturi
1099 549 1222 613 fructus
1259 549 1390 614 floribus

240 656 439 721 uestiuutur:
465 676 524 720 non
550 657 640 720 deest
662 661 745 721 terra
769 656 931 737 obsequiis
956 656 1034 732 suis,
1059 676 1119 720 non
1140 656 1262 719 bestiae
1282 675 1392 720 mune-

238 763 328 826 ribus
362 763 440 839 suis,
474 783 554 845 quae
588 764 758 828 sollemnes
792 765 961 827 solnuutnr
993 763 1024 827 in
1056 766 1176 844 partus,
1201 765 1239 826 ut
1269 763 1390 826 homini
1457 773 1478 824 Β

240 870 320 932 nihil
345 870 440 935 desit:
465 871 559 934 homo
585 868 672 934 solus
700 869 844 952 partibus
874 869 941 932 suis
970 869 1070 945 deest,
1098 869 1200 933 nescit
1228 873 1389 933 auctorem
1422 891 1433 928 s

238 995 345 1051 suum,
384 997 402 1040 a
439 997 500 1058 quo
534 977 563 1040 ei
595 977 701 1041 omnia
737 977 964 1053 ministrantur,
1003 977 1147 1058 neglegit
1184 977 1388 1041 conditorem.

241 1083 377 1163 despicit
405 1083 500 1146 homo
529 1087 796 1146 remuneratorem
827 1103 931 1160 snum,
966 1102 1038 1146 curn
1072 1083 1149 1146 deus
1183 1103 1262 1166 opus
1296 1103 1391 1147 suum

239 1209 301 1253 non
336 1190 521 1270 despexerit.
555 1195 684 1273 pereant
718 1210 790 1254 curn
823 1191 950 1254 homine
984 1191 1098 1267 omnia,
1131 1193 1260 1273 propter
1296 1210 1389 1272 quem

240 1299 314 1360 nata
338 1299 413 1359 suut
438 1296 551 1360 omnia.
578 1296 609 1358 in
636 1297 702 1360 suis
729 1297 851 1360 diuitiis
876 1300 1083 1361 consumatur
1104 1297 1210 1373 homo,
1235 1316 1307 1360 cum
1332 1315 1391 1359 sua

239 1401 315 1465 dote
344 1402 517 1466 moriatur‘.
550 1403 628 1466 nihil
661 1408 732 1468 aute
765 1404 925 1467 bominem
957 1405 1041 1467 terra
1073 1403 1259 1485 deliquerat,
1292 1404 1389 1466 nullis
1410 1425 1434 1462 ro

241 1510 359 1573 errauit
376 1510 407 1573 in
427 1509 599 1574 fructibus:
624 1511 655 1572 in
680 1510 806 1574 homine
831 1511 898 1574 solo
925 1529 958 1575 se
983 1511 1190 1594 degenerasse
1215 1510 1389 1594 cognoscit,

239 1616 347 1698 spinas
378 1619 409 1680 et
436 1617 572 1680 tribulos
600 1636 655 1698 pro
685 1616 841 1680 fructibus
870 1617 984 1680 ferens.
1018 1616 1102 1698 quod
1136 1617 1240 1681 solum
1272 1635 1389 1680 munus
1457 1622 1476 1677 C

242 1722 425 1787 admirabile
450 1727 509 1800 est,
533 1723 704 1805 principale
729 1725 844 1787 mentis
863 1725 994 1787 interiit.
1020 1742 1075 1786 cur
1092 1723 1316 1806 igituromnia
1333 1723 1389 1786 illa

238 1832 429 1893 seruentur?
452 1829 524 1894 ideo
548 1849 608 1893 non
632 1833 707 1911 post
730 1831 879 1894 collectos
899 1831 1023 1895 fructus
1043 1831 1222 1894 infunditur
1240 1849 1331 1911 aqna,
1351 1850 1388 1893 ne

239 1936 428 2000 beneficium
452 1937 554 2019 magis
576 1958 670 2019 quam
690 1937 849 2001 diluuium
868 1941 951 2001 terra
970 1938 1112 2001 sentiret.
1137 1937 1271 2019 denique
1290 1956 1387 2000 uerno
1408 1958 1432 1995 rs

239 2044 324 2124 apud
351 2043 526 2126 Aegyptios
555 2048 707 2127 tempore,
737 2045 791 2108 sed
819 2063 927 2108 mense
957 2044 1081 2108 diuerso
1114 2043 1208 2108 Nilus
1242 2044 1388 2123 exundat,

241 2152 277 2212 ut
299 2149 450 2213 iaciendis
476 2149 650 2214 seminibus
675 2154 758 2215 terra
781 2152 948 2214 mollescat
971 2154 1002 2215 et
1025 2150 1187 2214 blandiore
1216 2150 1297 2227 sinu,
1328 2150 1389 2213 ole-

240 2256 393 2320 mentiore
427 2258 547 2339 gremio
581 2258 702 2335 semina
734 2258 833 2322 missa
865 2258 1028 2339 suscipiat.
1067 2257 1151 2338 quod
1184 2260 1290 2320 autem
1325 2275 1389 2320 ses·

241 2363 413 2427 centesimo
440 2383 519 2428 anno
544 2363 611 2428 Noe
631 2363 667 2426 fit
686 2364 854 2440 diluuium,
872 2363 955 2428 illud
974 2365 1100 2428 uidetur
1119 2364 1294 2440 ostendere,
1315 2363 1389 2445 quia

239 2472 328 2532 sexto
354 2469 403 2532 die
427 2469 529 2533 Adam
554 2473 677 2534 creatus
707 2474 766 2536 est.
799 2471 882 2534 idern
912 2490 1074 2548 numerus,
1098 2471 1158 2534 lroc
1183 2473 1233 2533 est
1256 2469 1310 2550 qni
1333 2489 1389 2551 par
1408 2475 1474 2532 eoD

240 2575 367 2654 dicitur,
399 2580 430 2639 et
458 2577 489 2639 iu
524 2579 652 2641 auctore
687 2581 719 2641 et
749 2577 780 2640 in
813 2579 991 2660 reparatore
1024 2580 1179 2653 seruatur,
1213 2577 1287 2658 quia
1318 2576 1388 2640 fons

240 2683 431 2765 sexagesimi
455 2686 487 2747 et
515 2684 733 2748 sescentesimi
761 2687 868 2748 sextus
898 2687 947 2748 est
975 2703 1134 2748 numerus.
1168 2684 1253 2747 idem
1282 2686 1389 2747 autem

239 2792 274 2851 et
306 2790 426 2870 primus
461 2793 493 2853 et
523 2790 679 2870 septimus
712 2792 830 2855 mensis
851 2791 989 2855 ⁴dicitur.
1028 2790 1083 2854 sed
1115 2791 1218 2873 magis
1251 2788 1389 2870 primum

240 2895 409 2959 obseruare
435 2895 585 2959 debemus
611 2897 695 2977 quod
718 2899 793 2978 post
815 2896 973 2959 diluuium
997 2915 1093 2960 uerno
1116 2899 1257 2977 tempore
1287 2895 1389 2959 colen-

239 3001 354 3064 dorum
387 3021 462 3065 cura
489 3007 650 3084 reparetur
679 3023 826 3087 agrorum
855 3007 886 3067 et
914 3003 1031 3085 placidi
1063 3005 1157 3084 atque
1189 3002 1295 3066 uberis
1329 3001 1390 3065 soli
1409 3027 1434 3064 ae

241 3107 373 3188 incipiat
396 3109 499 3172 fetura
522 3111 700 3192 procedere.
732 3130 793 3191 qno
817 3110 1014 3192 significatur
1036 3128 1210 3190 numquam
1235 3108 1328 3171 deum
1353 3127 1388 3172 eo

183 3215 185 3218 ⁴
242 3233 372 3277 numero
398 3218 450 3279 uel
474 3220 614 3300 ternpore
637 3217 801 3281 interitum
825 3217 988 3280 hominurn
1012 3217 1112 3300 fnisse
1136 3216 1387 3296 facturumque
1455 3232 1474 3284 ll

334 3459 366 3510 12
387 3456 454 3513 Gen.
476 3459 500 3522 3,
522 3459 554 3511 18
610 3459 644 3512 20
665 3458 731 3512 Gen.
753 3460 775 3523 l,
796 3461 829 3512 27

281 3626 292 3677 l
315 3630 475 3695 spectantur
492 3627 519 3678 P
538 3627 579 3697 (sp
598 3631 645 3680 ma
664 3645 696 3680 ecc
715 3635 751 3696 p)
843 3629 929 3680 tritici
948 3628 1049 3681 hordeo
1071 3628 1163 3694 (ordeo
1187 3627 1248 3695 ΤΒ)
1268 3625 1387 3679 PTT‘B

240 3715 335 3767 tritico
355 3718 382 3768 et
401 3715 502 3768 hordeo
524 3716 616 3780 (ordeo
636 3717 742 3787 DNM)
762 3723 809 3772 cet.
875 3720 891 3770 2
910 3718 1043 3771 fructibus
1062 3718 1090 3770 P
1108 3717 1146 3785 (ib
1166 3720 1249 3780 eros.)
1306 3716 1321 3768 3
1340 3715 1388 3768 be·

243 3803 312 3856 stiae
332 3802 432 3856 desunt
455 3804 549 3857 T‘DN
610 3806 625 3857 6
644 3806 778 3873 neogligit
801 3806 826 3858 Τ
843 3810 873 3874 (g
887 3823 930 3873 pr.
952 3808 1033 3872 cras.)
1106 3807 1135 3858 ll
1158 3804 1259 3858 errabit
1277 3804 1304 3857 P
1322 3807 1349 3868 (r
1367 3819 1388 3856 s.

242 3891 321 3955 b)T
382 3892 415 3944 12
434 3892 522 3945 ferens
542 3893 614 3958 P(u
633 3911 654 3947 s.
674 3898 713 3958 n.)
778 3895 811 3947 14
830 3895 1126 3964 potestP(stnz2a
1147 3892 1215 3962 test)
1271 3894 1302 3945 17
1322 3891 1390 3944 mol-

242 3979 328 4032 lescat
346 3981 374 4032 P
393 3981 413 4045 (l
427 3997 473 4048 pr.
493 3997 514 4034 s.
533 3984 572 4047 n.)
636 3983 668 4034 18
689 3983 819 4052 suscipiat
842 3982 929 4036 rr‘B
948 3971 1077 4051 suscipiat
1095 3981 1123 4035 P
1140 3983 1324 4053 suscipiantur
1342 3989 1389 4036 cel.

279 4069 469 4121 sescentesimo
489 4069 516 4121 P
533 4070 726 4122 sexcentesimo
747 4076 793 4123 cet.
903 4071 937 4123 20
956 4071 1006 4123 hoc
1026 4073 1067 4123 eet
1086 4070 1133 4138 qui
1152 4087 1200 4139 par
1220 4071 1328 4139 dicitur]
1350 4075 1391 4124 est

183 4156 185 4160 '
242 4172 290 4223 par
308 4155 371 4208 DN
387 4173 435 4224 par
457 4156 515 4209 OM
566 4159 600 4210 22
620 4158 806 4210 sescentesimi
825 4158 852 4210 P
870 4157 1057 4211 sexcentesimi
1076 4163 1123 4212 cet.
