3008 4666
189 245 253 308 482
659 238 859 292 Ambrosii

188 435 335 500 monibus
359 435 487 498 nostris,
521 434 657 517 ideoque
681 436 740 500 ait:
774 436 818 499 de
842 415 1113 517 multiloquio
1137 454 1211 499 non
1236 434 1335 500 effu-

189 542 275 625 gies
307 544 531 625 peecatum.
564 561 638 626 ergo
671 543 731 607 hoc
766 542 937 626 significari
969 543 1106 620 uidetur,
1138 561 1200 606 non
1229 542 1333 606 solum

189 648 291 730 operis
315 648 427 724 nostri,
454 648 508 712 sed
533 649 629 712 etiam
654 649 819 726 sermonis,
844 649 899 730 qui
923 650 972 712 est
994 648 1098 732 magis
1127 648 1335 725 domesticus,

188 755 341 818 rationem
370 754 496 819 domino
526 774 595 819 esse
623 755 824 819 reddendam.
858 759 890 818 et
917 755 989 818 ideo
1019 755 1204 838 diligentius
1233 756 1335 819 consi-

189 860 372 939 derandum,
401 881 440 925 ne
468 862 520 926 uel
549 882 691 927 sermone
720 862 773 926 uel
801 881 894 944 opere
924 863 1146 926 contrahamus
1171 861 1334 938 offensam,
1363 869 1421 924 nc

189 968 263 1049 quia
291 968 375 1030 sieut
403 987 455 1032 ore
479 970 637 1034 confessio
661 969 698 1033 fit
721 969 760 1033 ad
784 971 931 1048 salutem,
955 970 1001 1033 sic
1026 988 1078 1033 ore
1101 968 1138 1032 fit
1159 970 1272 1052 lapsus
1296 969 1336 1033 ad

189 1079 334 1138 mortem.

122 1179 164 1243 98
235 1179 308 1259 Qui
334 1179 535 1244 effuderit
556 1180 662 1262 inquit
685 1181 923 1263 sanguinem
949 1180 1123 1245 hominis
1152 1201 1221 1264 pro
1254 1200 1336 1245 san-

190 1288 312 1371 guine
343 1287 520 1351 hominis
552 1287 640 1350 eius
672 1286 919 1352 effundetur.
952 1307 1014 1352 non
1044 1287 1162 1351 errauit
1185 1288 1336 1367 elocutio,

189 1395 245 1458 sed
269 1393 417 1476 enphasis
441 1393 525 1458 facta
548 1395 717 1459 uerborum
742 1397 800 1470 est,
822 1413 858 1458 eo
879 1394 963 1475 quod
981 1394 1010 1457 is
1030 1394 1084 1475 qui
1104 1393 1249 1458 effuderit
1268 1415 1337 1459 san·
1355 1418 1381 1455 ιο

190 1501 317 1584 guinem
350 1500 486 1564 hominis
519 1501 587 1582 ipse
621 1503 710 1582 quasi
744 1501 874 1584 sanguis
908 1501 1096 1577 effundetur,
1130 1500 1214 1582 quod
1246 1520 1337 1583 spem

190 1608 219 1671 ei
241 1608 438 1690 posteritatis
463 1608 584 1691 eripiat,
610 1609 683 1689 quia
706 1609 791 1672 siout
815 1608 944 1691 sanguis
968 1608 1059 1671 fusus
1083 1607 1114 1670 in
1138 1610 1255 1671 terram
1278 1609 1336 1672 hac

190 1718 284 1796 atque
307 1715 381 1778 illac
406 1715 567 1798 spargitur
588 1715 634 1778 ita
655 1716 826 1799 impiorum
846 1715 950 1779 anima
968 1733 1135 1797 corporeae
1153 1714 1337 1797 fragilitatis

189 1841 276 1885 more
300 1822 452 1897 soluatur,
478 1822 552 1902 quia
575 1825 608 1885 et
630 1822 668 1885 de
692 1823 797 1885 anima
816 1822 936 1885 dictum
957 1824 1006 1885 est
1024 1824 1157 1884 mortem
1178 1821 1246 1884 eius
1267 1840 1337 1885 esse
1398 1826 1420 1879 D

190 1927 432 2009 corruptionem,
462 1946 497 1991 eo
522 1927 607 2009 quod
631 1928 750 2011 gratiae
775 1928 921 1992 caelestis
945 1946 1074 1990 munere
1099 1926 1283 1991 defrudatur
1306 1931 1338 1991 et
1352 1951 1377 1991 15

191 2035 282 2099 uelut
315 2034 436 2098 conlisa
467 2034 608 2097 malitiae
637 2034 777 2117 scopulis
807 2033 1003 2098 salubritatis
1025 2016 1109 2097 'suae
1138 2052 1252 2115 corpus
1280 2034 1338 2096 im-

124 2138 165 2203 99
191 2140 323 2206 minuat.
347 2142 458 2204 mouet
481 2140 577 2204 etiam
600 2141 767 2222 plerosque
792 2140 876 2222 quod
900 2140 1027 2204 dixerit:
1053 2139 1098 2202 ad
1121 2140 1337 2223 imaginem

191 2247 255 2310 dei
289 2247 368 2310 feci
401 2246 594 2311 hominem
629 2250 661 2310 ei
693 2266 753 2310 non
787 2246 913 2311 dixerit:
946 2246 986 2309 ad
1018 2246 1190 2329 imaginem
1222 2265 1336 2326 meam,

191 2372 263 2417 cnm
286 2354 355 2435 ipsc
380 2353 423 2417 sit
446 2352 535 2417 deus.
560 2340 616 2417 sed
634 2353 785 2436 intellege
805 2357 837 2418 et
854 2356 976 2436 patrem
996 2372 1065 2416 esse
1085 2352 1236 2416 etlilium
1256 2371 1337 2417 esse.

190 2464 223 2523 et
245 2460 322 2524 licet
344 2478 399 2541 per
420 2459 522 2522 filium
543 2460 648 2524 omnia
666 2460 750 2523 facta
768 2463 853 2536 sunt,
872 2463 978 2523 tamen
997 2460 1135 2542 legimus
1156 2459 1230 2541 quia
1247 2462 1338 2540 pater
1355 2485 1380 2524 ao

190 2565 300 2630 fecerit
324 2565 428 2630 omnia
452 2568 484 2628 et
501 2565 613 2629 fecerit
630 2585 686 2647 per
704 2565 817 2642 filiurn,
838 2566 924 2629 sicut
943 2565 1097 2647 scriptum
1117 2567 1180 2629 est:
1205 2566 1336 2629 omnia
1400 2559 1421 2613 E

189 2673 228 2736 in
260 2672 468 2754 sapientia
498 2672 651 2738 fecisti.
687 2672 755 2736 siue
780 2691 853 2755 ergo
877 2675 967 2753 pater
991 2671 1078 2749 dicit,
1103 2672 1142 2734 ad
1164 2671 1337 2754 imaginem

190 2779 279 2843 uerbi
303 2779 390 2857 fecit,
419 2778 488 2842 siue
511 2777 597 2842 lilius
622 2778 708 2855 dicit,
735 2779 774 2842 ad
795 2778 969 2861 imaginem
995 2778 1046 2841 dei
1068 2777 1167 2860 patris
1191 2778 1276 2842 fecit.
1306 2780 1338 2842 et-

190 2886 261 2949 ideo
292 2885 481 2949 familiarem
509 2884 665 2966 quandam
695 2888 727 2948 et
750 2884 958 2948 domesticam
983 2883 1040 2948 deo
1065 2884 1261 2949 demonstrat
1283 2884 1338 2949 ho·

190 2992 285 3055 minis
306 3011 375 3056 csse
395 2995 549 3069 naturam,
564 2991 598 3054 id
613 2994 662 3054 est
680 2989 878 3055 rationabilis
897 2990 1046 3068 hominis,
1063 2991 1239 3055 secundum
1254 2991 1339 3073 quod
1356 3015 1382 3054 aa

192 3099 231 3162 ad
253 3098 424 3182 imaginem
449 3098 499 3160 dei
523 3098 621 3161 creati
645 3117 768 3174 sumus,
788 3116 886 3178 eaque
907 3116 1003 3161 eausa
1025 3097 1164 3161 inultum
1187 3117 1248 3162 non
1268 3117 1339 3162 esse

192 3204 276 3287 apud
300 3205 394 3268 deum
418 3204 503 3286 quod
524 3204 556 3267 in
581 3204 793 3269 domesticum
818 3204 879 3268 sibi
903 3204 1020 3268 animal
1042 3204 1152 3268 uideat
1170 3203 1340 3268 crudeliter

105 3313 169 3378 100
193 3315 225 3376 et
247 3311 332 3393 inpie
357 3329 426 3375 ease
455 3309 672 3374 commissum.
706 3328 802 3374 causa
830 3329 903 3393 ergo
933 3310 1040 3374 addita
1068 3310 1228 3374 uindictae
1251 3309 1339 3387 facit,

283 3556 296 3609 l
316 3555 446 3610 Prouerb.
466 3554 508 3619 10,
528 3554 561 3607 19
643 3554 659 3608 8
680 3553 745 3609 Gen.
765 3553 791 3616 9,
810 3554 826 3607 6
845 3553 925 3606 Philo
945 3552 1056 3618 Quaest.
1075 3553 1103 3606 Π
1122 3555 1154 3606 61
1239 3553 1272 3606 14
1290 3553 1339 3606 Iob

193 3645 236 3709 33,
255 3645 289 3698 28
347 3645 378 3698 17
399 3642 465 3696 Gen.
485 3645 510 3706 9,
531 3643 547 3695 6
566 3642 646 3695 Philo
667 3641 777 3707 Quaest.
797 3641 879 3695 1162
934 3643 966 3696 21
987 3641 1086 3694 Psalm.
1106 3641 1223 3696 011124

229 3793 367 3863 2signari
385 3792 423 3844 M
440 3794 474 3859 (ri
492 3810 513 3846 c.
532 3809 559 3846 u.
579 3796 636 3858 nra)
705 3791 895 3846 9eifundetur
914 3792 941 3844 P
958 3792 982 3862 (e
1003 3792 1052 3847 ult.
1072 3807 1105 3845 eac
1124 3792 1133 3844 i
1151 3795 1209 3858 m2)
1284 3792 1339 3845 elo·

195 3883 290 3950 quutio
308 3882 336 3935 P
399 3882 432 3941 10
452 3880 552 3935 enfasis
573 3882 638 3934 libri
708 3881 751 3934 his
769 3881 797 3933 P
814 3887 839 3933 et
859 3881 887 3947 (h
907 3881 969 3948 del.)
993 3880 1024 3932 T¹
1093 3880 1126 3934 13
1145 3880 1193 3949 ille
1211 3881 1239 3933 P
1258 3882 1301 3947 (ac
1317 3897 1340 3935 e.

196 3986 210 4037 e
228 3972 285 4040 m2)
359 3970 392 4023 15
412 3969 569 4024 defrudatur
587 3969 614 4022 P
632 3969 807 4024 defraudetur
825 3975 871 4024 cet.
952 3969 984 4022 18
1002 3968 1054 4022 feci
1072 3969 1172 4037 scripsi
1190 3969 1257 4022 feeit
1276 3969 1342 4023 tiore·

231 4057 329 4111 dixerit
350 4058 448 4121 T'NB,
468 4075 519 4111 om.
542 4058 570 4121 0,
592 4057 659 4111 dixit
677 4064 723 4112 eet.
779 4059 814 4112 23
833 4058 1020 4127 imaginemP
1037 4062 1064 4124 (a
1083 4074 1115 4111 ex
1134 4062 1159 4124 e)
1215 4058 1248 4112 25
1269 4057 1342 4127 quod

194 4161 291 4215 ymago
311 4146 354 4199 dei
373 4146 400 4198 B
472 4147 506 4200 26
525 4146 610 4199 creati
628 4146 695 4212 DN,
714 4164 765 4202 om.
785 4153 842 4213 cet,
855 4149 924 4214 sort.
938 4145 1036 4206 <facti>
