2978 4666
428 265 1114 341 DeN0e10.11,34-3o(iarun-2413).
1213 346 1216 351 Ι
1262 279 1327 342 435

175 461 382 538 iracundiam,
417 480 490 524 oum
522 463 790 546 praetergreditur
822 484 1000 529 mensuram
1039 468 1185 534 ultionis:
1224 471 1325 535 omnis

86 554 128 617 35
175 573 337 652 postremo
363 588 474 632 sensus
498 568 643 646 moritur,
669 569 697 632 si
725 568 869 633 minister
897 571 939 634 sit
967 572 1157 654 iniquitatis.
1191 580 1223 639 et
1254 577 1325 641 ideo

176 677 250 758 quia
277 678 400 740 terrena
429 675 534 739 omnia
561 676 741 739 moriuntur
764 675 896 754 diluuio,
921 679 1009 742 solus
1035 683 1140 744 autem
1164 682 1270 746 iustus
1293 684 1324 747 in

175 786 336 847 aeternum
358 783 474 858 manet,
495 781 533 845 ad
553 782 659 864 ipsum
681 782 809 845 dicitur:
832 786 1010 848 statuam
1029 788 1323 853 testamentum

143 909 297 953 ameum
335 890 381 953 ad
418 891 467 971 te,
505 888 580 970 quia
617 888 684 970 ipse
723 888 848 952 diuinae
887 893 936 954 est
968 892 1058 955 heres
1092 895 1221 976 gratiae,
1254 897 1324 978 ipse

174 996 322 1061 caelestis
349 1015 516 1078 possessor
546 994 742 1072 hereditatis,
776 996 1035 1062 beatissimorum
1068 1018 1195 1064 consors
1227 1003 1324 1066 bono-

172 1123 253 1168 rum.
278 1105 311 1167 et
333 1103 478 1167 homines
503 1102 630 1184 quidem
657 1121 728 1165 cum
757 1103 944 1181 moriuntur,
972 1106 1198 1186 patrimonium
1228 1128 1320 1173 suum

172 1211 363 1274 testamento
387 1209 595 1274 transcribere
620 1210 733 1286 solent,
752 1228 812 1273 neo
831 1210 915 1273 cedit
933 1211 1102 1292 hereditas,
1122 1214 1220 1280 donec
1239 1217 1323 1280 uiuit
1350 1230 1372 1281 Ε

171 1319 319 1380 testator:
350 1316 428 1380 deus
457 1319 565 1380 autem
595 1335 668 1379 oum
694 1315 736 1378 sit
760 1315 983 1399 sempiternus,
1007 1321 1204 1384 transfundit
1226 1322 1321 1386 iustis

128 1446 152 1483 10
173 1423 298 1488 diuinae
331 1423 538 1488 hereditatem
575 1423 774 1487 substantiae
803 1426 835 1487 et
866 1424 935 1506 ipse
963 1444 1024 1489 non
1052 1426 1198 1510 indigens
1228 1427 1324 1491 donat

172 1548 230 1593 sua
254 1530 321 1593 sine
344 1531 411 1594 ullo
437 1530 615 1595 donationis
642 1531 817 1614 dispendio,
843 1552 937 1613 quem
960 1551 1020 1595 non
1040 1536 1174 1614 granant
1193 1552 1322 1597 suorum

172 1639 333 1701 consortes
353 1636 518 1713 honorum,
537 1637 704 1719 magisque
723 1637 838 1701 fruitur
858 1657 893 1701 eo
915 1658 977 1719 quo
1001 1658 1058 1703 nos
1083 1640 1212 1705 utimur.
1238 1640 1322 1703 deni-

172 1756 232 1824 que
265 1743 413 1808 dominus
446 1745 537 1809 Iesus
568 1762 691 1826 pauper
718 1743 822 1807 factus
853 1747 912 1821 est,
942 1764 1014 1808 oum
1044 1745 1132 1809 diues
1163 1750 1257 1823 esset,
1286 1751 1323 1811 ut

170 1849 259 1914 illius
287 1850 394 1933 inopia
422 1869 478 1915 nos
508 1851 691 1925 ditaremur,
722 1850 776 1931 qui
804 1852 1031 1914 testamentum
1058 1855 1230 1934 utrumque
1264 1872 1321 1917 suo

125 1976 152 2018 15
172 1958 406 2021 consummarit
434 1957 597 2040 sanguine,
622 1959 659 2021 ut
682 1977 738 2022 nos
763 1956 848 2020 uitae
874 1976 949 2021 suae
974 1958 1143 2022 coheredes
1176 1965 1207 2022 et
1240 1979 1322 2039 mor-

169 2061 212 2126 tis
245 2063 362 2128 faceret
394 2064 536 2140 heredes,
572 2083 633 2145 quo
667 2066 699 2127 et
731 2055 817 2127 uitae
846 2063 1036 2127 haberemus
1067 2065 1261 2128 consortium
1290 2067 1322 2127 et
1349 2073 1370 2124 u

169 2170 280 2234 mortis
304 2170 504 2235 beneficium.
529 2172 670 2235 multum
694 2175 801 2236 autem
824 2172 939 2235 tribuit
961 2172 1048 2235 iusto
1074 2171 1220 2236 dicendo:
1245 2175 1322 2236 sta-

169 2286 278 2346 tuam
306 2281 600 2342 testamentum
631 2298 758 2343 meum
787 2278 833 2341 ad
861 2282 909 2356 te,
940 2298 975 2342 eo
1005 2278 1089 2359 quod
1122 2279 1320 2342 rationabilis

171 2386 203 2448 et
229 2384 331 2448 fidelis
360 2385 411 2448 uir
437 2384 505 2466 ipse
535 2385 578 2448 sit
606 2387 835 2449 testamentum
865 2385 924 2451 dei.
953 2385 1021 2465 ipse
1051 2389 1100 2448 est
1127 2385 1210 2449 enim
1234 2386 1320 2448 here·
1371 2374 1373 2378 ⁴

125 2513 152 2552 so
171 2491 253 2556 ditas
278 2491 339 2569 dei,
363 2491 432 2573 ipse
455 2492 629 2574 possessio,
653 2491 686 2554 in
711 2511 772 2572 quo
798 2491 900 2554 uirtus
926 2490 1026 2554 diuini
1049 2492 1233 2555 testamenti
1261 2495 1320 2570 est,

136 2582 200 2661 'in
226 2617 287 2679 quo
311 2597 435 2662 fructus
458 2597 581 2674 iudicii,
606 2598 638 2660 in
664 2618 725 2679 quo
749 2596 908 2660 hereditas
932 2597 1164 2678 promissionis,
1192 2598 1228 2660 de
1258 2619 1320 2679 quo

171 2704 249 2768 dixit
286 2705 404 2769 Dauid:
444 2724 536 2768 ecce
574 2704 788 2768 hereditas
832 2703 980 2767 domini
1021 2704 1125 2781 filii,
1167 2723 1318 2768 meroes

170 2811 332 2875 fructus
365 2812 536 2876 uentris.
572 2812 628 2876 sed
660 2812 723 2875 iam
758 2811 847 2875 salua
880 2811 1073 2892 expositione
1106 2810 1318 2892 profundioris

169 2919 313 3000 mysterii
337 2919 376 2982 ad
399 2919 520 3000 reliqua
543 2937 724 3001 pergamus.

84 3017 150 3086 325
214 3027 324 3090 Intra
346 3025 452 3107 inquit
474 3029 517 3090 tu
542 3028 581 3090 ot
605 3025 732 3090 omnis
758 3025 897 3089 domus
917 3029 986 3089 tua
1003 3025 1041 3100 in
1062 3043 1204 3101 arcam,
1226 3025 1417 3105 quia241n

169 3135 206 3196 te
241 3133 327 3197 uidi
360 3132 516 3195 iustum
551 3133 588 3194 in
623 3132 888 3216 generatione
917 3131 1008 3196 ista.
1042 3131 1210 3195 manifeste
1239 3131 1368 3199 fidesB

168 3239 371 3321 propheticae
391 3238 567 3302 sententiae
593 3240 689 3302 etiam
711 3239 772 3302 hoc
796 3238 972 3303 adstruitur
994 3240 1074 3315 loco,
1102 3239 1175 3320 quia
1198 3239 1318 3300 stultus

258 3499 539 3561 3Prouerb.10‚30
607 3497 811 3560 ausinora
879 3498 911 3550 13
931 3496 1036 3551 uuor.
1057 3497 1117 3560 8,9
1188 3499 1220 3551 15
1240 3496 1316 3549 Rom.

169 3588 194 3651 8,
215 3590 247 3643 17
302 3589 336 3641 22
355 3586 454 3642 Psalm.
475 3585 584 3640 CXXVI
608 3584 623 3636 3
681 3587 714 3639 25
735 3585 802 3639 Gen.
823 3587 883 3648 7‚1

205 3732 221 3783 5
240 3728 318 3782 heres
338 3731 380 3783 est
397 3729 425 3781 B
481 3731 496 3782 6
517 3745 627 3781 consors
645 3729 672 3780 P
690 3731 712 3797 (s
733 3729 782 3782 ott.
801 3744 821 3780 e.
842 3744 869 3780 u.
888 3728 945 3795 m2)
1005 3726 1021 3779 8
1041 3726 1218 3778 transcribere
1238 3725 1266 3776 P
1284 3727 1317 3790 (ri

168 3821 216 3871 m2
233 3834 253 3871 o.
273 3817 293 3886 i)
341 3819 371 3871 11
393 3819 541 3882 vlloP(v
562 3834 584 3870 s.
604 3834 632 3872 re.
651 3821 709 3884 nc2)
759 3817 791 3869 12
811 3816 932 3885 doneque
953 3816 973 3880 (i
991 3815 1177 3881 s.eolt.)P
1221 3815 1316 3866 14nos

169 3906 266 3959 om.B
321 3908 353 3960 15
373 3923 436 3960 suae
455 3905 580 3959 uitaeN
648 3907 680 3960 16
701 3923 752 3976 quo
773 3910 799 3970 (o
820 3923 852 3960 ex
872 3922 902 3958 ae
921 3908 979 3972 aad)
999 3904 1027 3957 P
1098 3906 1184 3971 etpr.
1204 3919 1224 3956 s.
1244 3919 1271 3956 a.
1291 3903 1319 3954 P

203 3994 363 4048 haberemus
382 3996 409 4048 P
426 3995 465 4064 (re
484 4012 505 4048 a.
525 4001 565 4061 a.)
669 3996 701 4047 19
722 3997 750 4048 et
768 3995 856 4047 fidelis
875 4011 926 4047 ono.
946 3994 976 4047 N
1073 3994 1107 4046 20
1127 3991 1170 4044 dei
1189 4008 1239 4045 oon.
1259 3991 1317 4043 NB

168 4083 202 4136 22
223 4082 288 4136 dicit
306 4083 339 4135 N
409 4083 491 4136 dauid
510 4100 561 4136 om.
581 4084 609 4136 B
681 4099 782 4137 merces
801 4083 829 4135 P
847 4088 872 4149 (e
893 4083 941 4136 alt.
963 4098 995 4135 eor
1013 4082 1034 4152 i)
1113 4082 1148 4135 24
1167 4080 1318 4149 magistra

168 4172 202 4225 25
221 4174 252 4224 tu
271 4175 299 4225 et
316 4172 344 4225 P
361 4175 419 4239 (ΜΒ
437 4173 469 4225 in
486 4189 542 4225 ros.
567 4176 585 4225 3
607 4172 671 4239 titt.)
726 4174 760 4226 26
779 4172 925 4225 manifesta
945 4088 1439 4406 w

843 4418 921 4467 ss

716 4533 732 4545 ae'
736 4470 835 4533 ill!

696 4550 703 4557 „
