3008 4666
120 298 163 360 20
531 345 533 349 Α
593 293 792 346 Ambrosii

120 489 243 554 culum
267 490 366 552 terra
390 488 564 552 secuudum
588 487 803 552 Ecclesiastae
828 488 1016 552 sententiam
1042 492 1074 553 et
1096 488 1128 552 in
1148 491 1262 553 uolun-

118 598 183 659 tate
207 594 257 658 dei
280 596 428 658 mouetur
451 597 482 658 et
505 596 606 660 nutat.
639 614 701 658 uon
726 614 799 680 ergo
824 595 1039 684 fundamentis
1063 596 1130 660 suis
1157 596 1263 670 innixa

119 701 268 766 subsistit
281 719 338 765 nec
352 701 463 765 fulcris
479 700 547 786 suis
563 701 687 765 stabilis
702 704 894 785 perseuerat,
911 702 967 766 sed
983 701 1128 792 dominus
1148 703 1263 767 statuit

119 827 187 872 eam
212 812 243 872 et
266 807 462 871 firmamento
492 807 670 872 uoluntatis
699 826 775 873 suae
805 808 955 884 eontinet,
986 809 1061 889 quia
1086 808 1123 872 in
1151 790 1262 871 manu

119 914 199 979 eius
234 934 358 979 omnes
390 915 487 978 fines
520 918 652 979 terrae.
686 919 718 998 et
745 915 823 980 haec
851 914 925 979 fidei
953 915 1142 998 simplicitas
1172 935 1262 998 argu·
1286 936 1302 1002 ⁴⁵

117 1020 232 1085 mentis
243 1021 390 1086 omnibus
402 1021 780 1086 antecellitlaudentalii
791 1021 956 1103 quodideo
967 1018 1124 1104 nusquam
1135 1021 1262 1086 decidat

116 1131 209 1204 terra,
238 1126 313 1210 quia
340 1127 515 1191 secundum
544 1131 689 1213 naturam
717 1126 748 1189 in
777 1127 881 1192 medio
909 1127 1071 1210 regionem
1098 1127 1262 1219 possideat
1326 1129 1349 1182 B

117 1253 217 1311 suam,
256 1253 293 1298 eo
330 1233 414 1315 quod
452 1252 582 1298 necesse
621 1232 663 1296 sit
699 1252 767 1297 eam
805 1253 929 1297 manere
965 1233 997 1295 in
1034 1210 1162 1317 regione
1203 1252 1260 1297 nec

116 1340 147 1403 in
184 1343 306 1423 partem
341 1339 485 1404 inclinari
521 1340 662 1417 alteram,
702 1339 825 1422 quando
863 1343 972 1405 contra
1009 1343 1157 1404 naturam
1198 1360 1259 1404 non

115 1451 272 1524 mouetur,
297 1447 354 1512 sed
377 1447 554 1511 secundum
577 1449 734 1525 naturam,
757 1446 940 1533 praedicent
960 1447 1088 1511 artificis
1109 1446 1208 1510 diuini
1228 1451 1261 1510 et
1280 1467 1305 1504 10

117 1554 288 1635 operatoris
313 1553 430 1617 aeterni
454 1553 671 1617 excellentiam
694 1590 737 1640 7-
762 1553 833 1636 quis
858 1553 940 1618 enim
965 1536 1120 1643 artificum
1139 1571 1200 1616 non
1221 1553 1258 1615 ab

115 1660 171 1724 illo
196 1660 321 1742 accepit
343 1663 400 1723 ant
424 1659 507 1741 quis
532 1660 636 1724 dedit
658 1660 888 1725 mulieribus
912 1662 1086 1724 texturae
1116 1658 1259 1741 sapien-

116 1765 205 1830 tiam
243 1769 307 1830 aut
343 1765 546 1830 uarietatis
580 1765 850 1848 disciplinam?
884 1803 928 1812 -
961 1784 1018 1849 ego
1052 1773 1169 1842 tamen,
1205 1765 1259 1848 qui

114 1872 304 1956 profundum
341 1870 519 1936 maiestatis
558 1872 626 1934 eius
661 1875 692 1962 et
724 1871 801 1935 artis
834 1872 1050 1936 excellentiam
1083 1892 1144 1937 non
1177 1891 1258 1953 queo
1327 1884 1348 1938 O

116 1978 375 2062 conprehendere,
415 1998 474 2043 non
512 1977 732 2061 disputatoriis
770 1997 821 2042 me
858 1977 1055 2043 libramentis
1093 1980 1257 2044 committo
1278 2000 1303 2037 15

115 2088 209 2168 atque
238 2085 407 2158 mensuris,
437 2084 493 2148 sed
522 2085 627 2148 omnia
654 2085 793 2165 reposita
819 2085 851 2147 in
880 2085 949 2148 eius
978 2083 1122 2149 existimo
1146 2087 1268 2151 uolua-⁸

113 2194 189 2264 tate,
224 2190 307 2273 quod
339 2192 488 2278 uoluntas
523 2190 590 2254 eius
624 2190 864 2254 fundamentum
898 2191 940 2254 sit
972 2191 1194 2255 uniuersorum
1228 2194 1259 2254 et

113 2301 240 2381 propter
272 2316 344 2361 eum
378 2297 489 2384 adhuc
513 2296 650 2361 mundus
683 2297 734 2360 hic
767 2301 902 2362 maneat.
942 2298 1026 2380 quod
1064 2297 1257 2380 apostolicae

113 2422 238 2486 quoque
260 2403 356 2468 liceat
380 2406 520 2467 astruere
540 2400 738 2468 auctoritatis
760 2403 912 2486 exemplo.
932 2404 1086 2493 scriptum
1106 2407 1155 2468 est
1174 2405 1257 2468 enim

114 2511 189 2593 quia
219 2511 385 2588 uanitati
420 2513 593 2575 creatura
625 2511 800 2574 subiecta
833 2514 891 2574 est
918 2531 988 2576 non
1018 2514 1160 2594 sponte,
1192 2510 1301 2574 sedeo

112 2621 270 2700 propter
303 2637 385 2681 eum
418 2617 483 2698 qui
512 2617 679 2681 subiecit
705 2617 742 2681 in
771 2637 845 2699 spe.
873 2618 1061 2683 liberabitur
1089 2622 1195 2683 autem
1225 2620 1256 2680 et

112 2724 182 2805 ipsa
214 2726 357 2788 creatura
390 2743 408 2787 a
443 2725 598 2787 seruitute
631 2723 852 2811 corruptionis,
886 2743 959 2788 curn
992 2724 1093 2808 gratia
1131 2724 1255 2788 diuinae
1319 2735 1344 2788 D

111 2829 371 2895 remunerationis
395 2828 570 2894 adfulserit.

200 3001 565 3075 4Psalm.LXXXXIIII4
620 3003 838 3058 caesarca
859 3001 980 3070 (rosc)
1038 3003 1137 3058 12101)
1156 3005 1200 3067 38,
1220 3005 1254 3081 36

67 3123 69 3127 ν
112 3093 146 3146 20
165 3091 241 3144 Rom.
262 3091 286 3154 8,
307 3092 342 3145 20
361 3108 401 3161 sq.
784 3130 786 3135 -

149 3216 161 3267 1
187 3215 344 3286 ecclesiaste
364 3215 387 3269 S
408 3215 584 3269 ecclesiasten
606 3215 629 3268 0
650 3222 675 3270 et
696 3215 722 3269 G
744 3221 786 3268 ml
808 3216 866 3268 PV
885 3216 1048 3270 ecclesiastis
1070 3216 1093 3268 0
1114 3222 1139 3269 et
1160 3216 1185 3268 G
1208 3220 1255 3268 rnt’

111 3303 281 3356 ecclesiastes
302 3303 379 3356 Ome
397 3310 444 3358 cet.
477 3305 528 3369 ¹in
547 3320 597 3357 cm.
617 3304 647 3356 N
701 3305 827 3357 2i1mixa
844 3305 984 3358 Hearicne
1001 3304 1119 3358 Schenkl
1137 3304 1253 3357 enirall

110 3391 199 3461 (enixa
220 3391 256 3457 G>
275 3393 338 3445 nixa
356 3392 390 3445 N
476 3393 492 3446 3
511 3393 661 3464 persiuerat
683 3392 706 3445 O
724 3396 804 3456 (corr.
823 3396 881 3459 m3)
968 3395 983 3445 5
1004 3394 1061 3447 eius
1080 3397 1144 3446 sunt
1162 3411 1253 3446 ornnes

110 3478 178 3531 Dte.
199 3478 255 3531 eius
275 3496 367 3532 omnes
386 3482 450 3532 sunt
467 3479 494 3532 Β
572 3479 633 3532 finis
655 3477 679 3532 0
694 3478 748 3548 (·es
766 3483 823 3544 m3)
916 3479 1064 3534 blandant
1080 3479 1119 3534 N‘
1191 3480 1252 3534 ideo

111 3581 162 3619 ont.
182 3565 211 3630 S,
230 3582 251 3619 s,
271 3583 299 3620 a.
317 3571 365 3620 m2
383 3566 419 3620 M
497 3568 511 3620 7
531 3566 712 3634 terracon
731 3571 812 3633 crus.)
890 3568 907 3622 8
925 3569 1062 3637 regionem
1084 3568 1162 3635 0(m
1182 3586 1251 3623 cras.

109 3654 191 3721 PV);
212 3671 261 3708 sua
280 3656 346 3709 cdd.
369 3656 451 3710 Gm2
468 3657 503 3710 N
518 3663 566 3709 sua
589 3656 616 3710 V
680 3658 696 3709 9
715 3656 839 3709 inclinari
861 3655 950 3726 O(ari
968 3658 1000 3711 tn
1017 3659 1094 3724 ras),
1107 3657 1212 3712 GPVS
1228 3664 1253 3711 et

111 3743 144 3808 (ri
164 3760 196 3796 ecc
213 3760 242 3796 re
260 3748 317 3812 nc2)
337 3744 397 3802 b‘B
415 3746 546 3799 inclinare
564 3746 671 3802 utrm
775 3762 828 3798 non
846 3762 867 3802 s.
887 3762 914 3798 a.
934 3746 976 3808 M,
996 3746 1045 3799 sed
1062 3762 1141 3811 cros,
1160 3763 1211 3801 orn.
1231 3746 1256 3800 S

110 3837 134 3884 et
153 3831 195 3900 (irc
213 3848 266 3899 quo
286 3835 480 3904 commouetur)
498 3834 526 3887 B
603 3835 636 3888 10
656 3833 766 3887 artificis
788 3833 862 3898 Ulia
882 3851 914 3888 ea
933 3837 972 3901 es)
1051 3835 1081 3887 11
1103 3836 1251 3904 operatoris

110 3921 144 3985 (is
163 3936 196 3972 ex
215 3921 254 3990 es)
276 3921 325 3974 ΟΡ
397 3923 429 3976 15
450 3923 637 3992 disputatoriis
655 3921 709 3975 ΠΒ
728 3921 922 3990 disputationis
941 3922 979 3976 N‘
999 3923 1198 3992 disputaturum
1217 3922 1254 3975 M

109 4012 164 4080 l-us
183 4013 264 4077 corr.)
285 4010 308 4063 S
326 4010 367 4078 (io
385 4027 435 4079 lap.
455 4015 502 4065 m2
521 4009 720 4081 disputatoriis)
777 4012 809 4065 19
828 4012 910 4064 liceat
928 4010 952 4062 Il
971 4011 1036 4064 licet
1054 4012 1086 4064 N
1134 4013 1250 4064 215111]-

108 4096 172 4148 iecit
191 4114 249 4151 earn
268 4099 296 4151 in
319 4099 386 4154 Tell.
437 4100 470 4152 22
490 4100 579 4167 gratia
598 4115 649 4153 ona
668 4100 746 4164 Dira,
765 4099 813 4167 qui
826 4106 891 4168 post
908 4101 1131 4154 remunerationis
1150 4102 1181 4153 in
1200 4118 1249 4170 nep.

108 4188 154 4236 rn2
174 4186 239 4240 add.
260 4188 369 4240 claritas
