3008 4666
228 265 292 328 466
692 261 890 315 Ambrosii

229 458 350 541 generis
383 456 512 521 humani
544 457 596 520 nel
631 457 785 521 abolitum
817 457 981 520 uideretur
1012 455 1044 519 in
1074 455 1166 519 terris
1195 457 1248 518 nel
1276 475 1294 519 a
1323 456 1374 519 dei

228 564 389 627 abscisum
413 565 515 646 gratia
537 564 778 646 relinqueretur.

176 668 216 730 72
273 671 319 733 Et
343 670 567 734 denudauit
589 670 694 752 inquit
716 669 798 734 Noe
821 674 976 735 tectum
1000 689 1125 735 arcae.
1160 688 1232 733 cnm
1257 688 1373 746 arcam,

228 778 312 841 sicut
332 796 427 858 snpra
445 777 642 860 interpretati
663 796 785 852 sumus,
804 797 860 858 pro
874 778 979 860 specie
994 777 1131 860 corporis
1147 777 1373 858 acceperimus,

228 883 303 965 qnid
335 885 375 947 sit
410 884 567 948 denudare
600 903 714 965 corpus
746 884 982 967 intellegamus,
1016 884 1190 948 secundnm
1229 882 1371 947 altiorem
1406 904 1419 942 s

228 990 351 1055 scilicet
379 1010 518 1054 sensum.
553 993 693 1054 ceterum
720 990 823 1072 liquet
846 990 1112 1071 quemadmodum
1138 1008 1210 1053 arca
1232 991 1374 1072 potuerit

228 1099 338 1181 aperiri
364 1097 537 1160 secundnm
557 1096 706 1160 litteram.
732 1096 806 1177 qnid
827 1097 926 1180 igitur
943 1099 1064 1161 tectum
1084 1097 1224 1178 corporis
1242 1096 1374 1160 humani

227 1205 278 1279 sit,
304 1203 387 1286 quod
412 1205 556 1267 clausum
579 1203 610 1265 in
635 1203 756 1266 diluuio
781 1203 852 1271 fuit.
877 1203 937 1267 nisi
960 1203 1040 1267 forte
1060 1203 1302 1267 delectationem
1323 1222 1373 1267 ac·
1416 1217 1498 1272 2591

227 1311 391 1392 cipiamus.
416 1330 496 1392 quae
520 1310 680 1392 operiebat
702 1311 762 1374 hoo
787 1329 900 1392 corpus
920 1314 1063 1374 nostrum
1083 1315 1115 1373 et
1135 1311 1225 1392 qnasi
1243 1312 1373 1394 tegebat

226 1437 281 1498 per
312 1418 402 1513 illum
437 1418 523 1481 Adae
556 1421 712 1481 errorem?
745 1421 777 1480 et
805 1435 840 1481 eo
869 1417 1003 1481 maxime
1031 1417 1109 1481 tecti
1137 1418 1251 1482 similis
1279 1419 1418 1481 cesti-10

226 1528 341 1601 matur,
375 1525 449 1606 qnia
482 1542 594 1588 sensus
628 1524 730 1587 omnis
762 1523 792 1586 in
826 1524 939 1606 capite,
973 1523 1045 1587 inde
1078 1523 1258 1599 delectatio
1292 1544 1373 1606 quae

227 1649 340 1713 corpus
361 1650 452 1694 omne
472 1631 650 1695 subiectum
675 1632 820 1696 habebat.
842 1632 897 1695 sed
917 1632 971 1695 ubi
992 1650 1080 1694 mens
1099 1632 1178 1695 iusti
1192 1633 1253 1695 uiri
1268 1632 1374 1696 sobria

227 1744 321 1819 atque
359 1738 483 1820 integra
516 1758 533 1800 a
566 1738 764 1819 corruptione
797 1738 911 1802 diluuii
945 1739 1070 1802 diuinae
1103 1739 1294 1822 cognitionis
1327 1739 1372 1801 in-

226 1845 386 1908 flammata
415 1844 570 1908 desiderio
600 1846 705 1908 exilire
735 1848 828 1926 atque
857 1845 981 1910 euolare
1009 1845 1115 1908 uoluit
1141 1845 1173 1907 in
1194 1837 1372 1925 superiora,

227 1951 345 2014 deterit
373 1951 477 2015 omnia
502 1970 581 2032 qnae
605 1954 692 2014 erant
715 1952 941 2033 impedimento
966 1955 997 2015 et
1020 1951 1157 2033 speciem
1181 1950 1372 2030 uoluptatis
1394 1973 1417 2012 15

227 2077 306 2140 qnae
330 2057 466 2139 quodam
487 2057 681 2139 operimento
702 2063 822 2121 ceteras
840 2061 946 2138 partes
965 2057 1093 2141 tegebat
1112 2057 1263 2139 corporis,
1281 2057 1371 2121 redo·
1434 2060 1458 2114 B

226 2164 331 2246 paruit
355 2183 390 2227 ac
413 2163 536 2238 retexit,
560 2166 597 2226 ut
620 2184 680 2228 non
705 2164 809 2228 solum
834 2183 947 2246 corpus
968 2183 985 2226 a
1005 2163 1135 2227 seruitio
1155 2164 1371 2228 dominatricis

227 2269 376 2353 ignobilis
408 2270 566 2346 liberaret,
599 2288 711 2333 nerum
733 2269 838 2343 „etiam
874 2288 910 2332 ea
942 2288 1021 2350 qnae
1050 2274 1137 2333 erant
1162 2270 1373 2352 incorporalia

228 2375 521 2455 comprehenderem
548 2395 626 2458 quae
646 2376 728 2439 enim
748 2395 808 2439 non
827 2376 976 2440 uidentur
995 2379 1121 2440 aeterna
1140 2381 1224 2442 sunt.
1249 2380 1282 2441 et
1299 2378 1370 2442 ideo

227 2483 333 2545 iustus
367 2501 460 2563 quem
495 2502 554 2545 non
592 2483 722 2547 uidebat
759 2483 921 2547 dominum
957 2484 1138 2565 requirebat
1174 2487 1371 2566 corruptelae
1390 2501 1418 2542 ²0

175 2591 216 2656 73
228 2608 326 2662 erors.¹
356 2590 492 2670 cupidus
521 2590 727 2654 aeternitatis.
761 2590 845 2672 quod
874 2595 978 2654 autem
1003 2591 1048 2654 ait
1069 2591 1207 2674 primum
1229 2611 1371 2656 mensem

227 2695 279 2759 uel
313 2696 485 2760 secundum
515 2716 651 2778 eumque
680 2716 750 2760 esse
778 2697 867 2760 uerni
895 2698 1048 2780 temporis
1081 2697 1175 2774 diem,
1207 2699 1305 2762 habes
1340 2702 1372 2763 et
1436 2697 1457 2754 0

227 2803 303 2866 alibi
327 2803 467 2866 dictum:
492 2803 556 2866 hio
579 2803 731 2866 mensis
756 2803 910 2885 primns
931 2804 1009 2867 erit
1028 2804 1147 2868 uobis
1166 2805 1204 2867 iu
1225 2804 1369 2869 diebus

227 2910 329 2973 anni.
363 2909 416 2991 qni
445 2909 528 2972 enim
556 2909 587 2972 in
616 2909 719 2992 gratia
745 2911 866 2991 primus
894 2914 969 2993 post
995 2911 1182 2991 periculum,
1211 2911 1262 2974 hic
1286 2914 1370 2976 recte

174 3016 478 3099 ltpraerogatinam
496 3015 591 3097 primi
610 3015 726 3079 mensis
746 3017 878 3097 accepit.
902 3036 940 3079 ne
959 3022 991 3080 te
1011 3021 1115 3080 antem
1135 3020 1263 3081 moueat
1286 3019 1371 3099 quod
1389 3029 1416 3070 2⁵

227 3122 361 3185 diximus
381 3142 475 3204 snpra
493 3122 606 3185 folium
625 3121 656 3184 in
676 3141 761 3185 ramo
781 3126 941 3205 repertum
959 3126 1032 3205 post
1051 3123 1208 3186 diluuium
1226 3125 1370 3205 potuisse

227 3227 377 3311 generari,
408 3228 468 3291 etsi
497 3229 556 3291 sub
586 3247 667 3310 aqna
689 3227 875 3311 plerumque
899 3229 1012 3292 herbae
1037 3230 1160 3293 soleant
1183 3231 1369 3312 germinare,

226 3342 330 3398 tamen
354 3338 391 3397 nt
415 3335 583 3416 scrupulus
609 3333 711 3397 omnis
730 3335 834 3416 possit
853 3335 977 3411 auferri,
998 3335 1073 3417 quid
1093 3355 1244 3419 magnum
1264 3337 1292 3401 si
1311 3337 1368 3401 deo

314 3596 329 3648 3
351 3593 416 3648 Gen.
436 3594 461 3656 8,
483 3595 515 3647 13
534 3594 614 3647 Philo
635 3594 745 3659 Quaest.
766 3595 846 3648 1146
900 3596 917 3649 4
937 3595 969 3648 cf.
990 3599 1053 3648 sect.
1076 3596 1108 3649 13
1128 3613 1185 3664 sqq.
1246 3598 1277 3650 21
1301 3595 1367 3654 Gen.

225 3684 362 3752 8,13sq.
432 3684 465 3737 23
485 3683 567 3737 Exod.
589 3685 666 3746 12,2
722 3685 755 3737 25
775 3684 854 3736 Philo
875 3683 984 3748 Quaest.
1004 3684 1084 3737 1147
1140 3685 1174 3738 26
1195 3684 1227 3738 cl.
1248 3689 1313 3738 sect.
1334 3687 1368 3738 67

260 3811 276 3861 5
296 3807 431 3861 denudare
454 3808 478 3860 T
497 3807 627 3861 denudari
645 3807 672 3858 P
691 3807 735 3874 (de
754 3824 786 3860 ex
806 3807 833 3860 di
851 3811 908 3874 m3)
929 3813 977 3862 cet.
1055 3809 1070 3861 7
1090 3808 1157 3878 qnid
1179 3809 1279 3863 T‘NM
1296 3810 1369 3878 quod

224 3901 270 3948 eet.
325 3894 419 3960 doum
441 3897 512 3964 (exp.
533 3899 588 3961 m3)
609 3895 771 3965 accipiamus
786 3896 813 3948 P
863 3896 895 3949 10
913 3897 981 3949 tecti
998 3897 1024 3949 Τ
1040 3897 1162 3950 tectisP
1181 3900 1203 3961 (s
1223 3901 1303 3958 eras.)
1320 3904 1367 3953 cet.

226 3985 258 4037 12
279 3984 328 4036 uiri
347 3984 413 4038 iusti
432 3984 459 4036 B
551 3987 583 4038 15
603 3987 680 4037 erant
697 3985 725 4036 P
742 3986 770 4054 (n
790 4002 810 4038 s.
830 3988 868 4050 o.)
942 3985 1092 4054 uoluptatis
1116 3985 1202 4039 ΤΗΝ
1216 3986 1369 4040 uoluntatis

224 4078 270 4125 cet.
328 4073 360 4125 19
381 4071 699 4142 compraehendereptP
751 4074 783 4126 21
805 4090 894 4126 exsors
915 4073 976 4126 T‘B
1030 4075 1063 4128 25
1083 4091 1132 4128 nec
1154 4074 1208 4127 TD
1270 4077 1304 4128 27
1324 4093 1367 4129 so-

222 4160 282 4213 lent
298 4160 326 4212 B
