3008 4666
204 269 268 332 462
673 265 870 318 Ambrosii

205 464 379 546 generatur,
406 481 440 525 er
465 481 527 544 qua
551 463 655 525 oleum
681 462 856 539 conficitur,
882 481 943 544 quo
967 462 1130 526 materiale
1155 461 1214 526 hoc
1241 462 1349 526 lumen

203 569 329 633 fouetnr
354 571 385 632 et
408 570 607 632 tenebrarum
630 570 760 652 fugatur
784 569 971 633 obscuritas
1006 569 1082 650 quid
1110 572 1215 632 autem
1245 570 1348 653 magis

203 695 296 756 qrrarn
329 677 437 739 lumen
471 675 625 739 familiare
658 677 772 741 uirtuti
800 677 871 743 cst?
901 676 1013 741 folium
1044 695 1118 759 ergo
1148 679 1179 740 et
1205 677 1347 739 ramulus

202 782 325 865 insigne
359 784 409 845 est
441 783 654 858 correctionis,
689 783 840 848 correctio
875 786 982 846 autem
1015 783 1105 864 quasi
1132 783 1267 846 radicem
1298 784 1348 847 sui

201 887 428 967 paenitentiam
456 888 561 965 habet,
591 907 670 969 quae
698 888 893 970 paenitentia
922 908 981 952 non
1009 890 1117 969 potest
1143 889 1174 951 in
1199 887 1346 964 turbidis,
1377 906 1390 944 s

202 994 312 1057 sedin
336 995 376 1057 iis
402 994 454 1076 qui
479 994 541 1058 iarn
566 994 740 1076 spiritalem
765 1013 938 1058 sermonem
964 994 1141 1075 acceperint
1163 995 1345 1078 germinare.

201 1100 232 1164 in
258 1119 310 1164 ore
336 1120 460 1183 quoqne
485 1122 544 1166 non
569 1101 671 1164 fr'rrsta
693 1102 835 1165 ramulus
861 1101 947 1164 oleae
971 1101 1098 1164 uidetur
1121 1119 1190 1165 esse
1210 1101 1344 1178 delatus
1411 1105 1434 1158 E

201 1227 236 1271 eo
257 1207 343 1288 quod
361 1207 463 1270 uirtus
485 1210 517 1270 et
536 1208 690 1288 sapientia
709 1207 740 1270 in
760 1226 902 1270 sermone
923 1207 972 1270 sui
992 1206 1107 1270 lrabeat
1125 1206 1349 1270 claritudinem·

200 1313 324 1395 etipsa
348 1314 455 1376 statim
482 1314 586 1394 specie
608 1313 716 1376 lumen
742 1312 810 1376 eius
834 1313 995 1396 effulgeat,
1018 1312 1150 1376 maxime
1170 1332 1242 1376 curn
1262 1314 1345 1394 paci-

200 1420 258 1483 fica
281 1420 432 1500 loquitur,
457 1420 604 1501 qnoniam
628 1421 712 1483 lmnc
737 1439 861 1501 quoque
884 1421 1042 1483 ramulum
1066 1438 1177 1501 pacem
1201 1422 1345 1501 petentes
1365 1441 1391 1480 ιο

199 1527 353 1608 praeferre
379 1531 579 1591 consuerunt.
603 1526 679 1590 tulit
701 1529 873 1604 ramulum,
893 1545 929 1590 eo
950 1527 1034 1608 quod
1054 1525 1242 1608 simplicitas
1262 1527 1346 1608 puri-

199 1637 264 1697 tate
295 1636 326 1696 ct
355 1634 537 1698 sinceritate
566 1635 686 1698 semina
715 1633 868 1716 quaedam
897 1633 1026 1696 auribus
1054 1632 1170 1697 nostris
1194 1631 1344 1696 utilitatis

198 1740 338 1804 infundit
361 1744 393 1804 et
416 1734 516 1804 bonae
540 1741 682 1804 doctrina
706 1740 835 1804 uirtutis
860 1743 916 1803 ant
934 1740 973 1802 ad
992 1739 1175 1803 instantiam
1195 1742 1347 1820 prouocat

200 1851 232 1910 et
258 1847 375 1911 inuitat
402 1847 439 1910 ad
468 1848 644 1929 praemium
674 1847 773 1910 bonae
802 1847 863 1910 sibi
892 1846 1053 1909 conscium
1079 1846 1263 1927 disciplinae
1288 1850 1344 1910 aut
1410 1860 1432 1913 F

197 1953 349 2035 gerendae
372 1954 582 2034 paenitentiae
607 1955 639 2016 et
662 1952 838 2034 sequendae
863 1952 1112 2016 conuersationis
1137 1954 1343 2035 cupiditatem
1362 1973 1387 2011 rs

197 2059 289 2123 inicit
310 2060 478 2141 peccatori.

153 2175 194 2237 68
241 2165 331 2229 Unde
354 2169 515 2248 praeterea
539 2165 724 2249 cognouerit
747 2169 876 2230 sanctus
900 2166 969 2231 Noc
994 2168 1067 2248 quia
1091 2167 1240 2231 defecerit
1263 2187 1344 2249 aqna

197 2290 215 2333 a
247 2275 339 2348 terra,
373 2272 459 2335 sicut
491 2272 645 2353 scriptum
679 2275 738 2347 est,
773 2272 1034 2336 considerandum
1068 2274 1203 2338 uidetur.
1241 2274 1341 2355 primo

197 2378 337 2441 omnium
379 2379 554 2442 secundum
596 2378 746 2456 litteram,
789 2378 862 2459 quia
909 2365 1019 2460 potuit*
1054 2381 1240 2463 intellegere
1282 2380 1342 2443 sic-

196 2502 268 2546 cum
297 2502 334 2547 an
362 2484 508 2547 umidum
535 2485 647 2549 folium
676 2488 762 2549 esset
790 2484 931 2561 allatum,
963 2485 1073 2550 deinde
1102 2487 1248 2567 quoniam
1278 2506 1339 2550 non
1361 2505 1385 2544 20

195 2593 245 2654 est
274 2590 458 2654 huiusmodi
487 2591 644 2668 columba,
674 2594 710 2655 ut
737 2591 860 2654 fructus
889 2591 1026 2654 latentes
1051 2592 1109 2655 sub
1135 2610 1215 2672 aqua
1237 2593 1341 2673 possit

196 2717 313 2760 eruere.
348 2697 403 2760 scd
426 2701 535 2762 utrum
557 2697 637 2761 illud
661 2698 774 2762 folium
799 2702 870 2762 ante
896 2696 1055 2761 diluuium
1078 2698 1175 2761 fuerit
1198 2701 1339 2762 exortum

196 2823 233 2867 an
258 2807 398 2884 tempore
422 2804 534 2867 diluuii
559 2804 773 2867 contuendum
798 2804 938 2869 esttibi.
965 2804 993 2868 si
1012 2807 1082 2868 ante
1103 2804 1270 2882 diluuium,
1289 2805 1340 2868 uir

286 3049 317 3100 17
338 3045 404 3100 Gen.
424 3048 448 3104 8.
470 3049 500 3101 ll

230 3172 245 3224 2
264 3172 351 3239 magi
372 3188 451 3240 quam
466 3172 493 3224 P
512 3174 541 3229 (a.
563 3172 621 3240 agis
642 3189 721 3240 quam
740 3189 796 3225 ras.
817 3178 875 3226 octo
889 3172 950 3239 fere
970 3171 1033 3236 litt.)
1052 3171 1077 3224 Τ
1094 3175 1185 3240 (quarn
1204 3187 1236 3224 ecc
1256 3171 1338 3239 qnod)

194 3261 209 3312 3
229 3259 356 3313 familiari
375 3260 402 3311 P
420 3264 471 3325 (·ro
492 3259 548 3328 m2)
570 3259 593 3312 0
662 3261 796 3313 uirtutum
814 3260 841 3313 P
859 3261 905 3327 (ti
924 3263 981 3326 nr3)
1001 3259 1033 3312 N
1048 3260 1150 3312 uirtute
1164 3258 1192 3310 B
1245 3260 1263 3311 4
1282 3276 1339 3312 cor-

193 3350 324 3416 reptionis
343 3348 373 3400 D
392 3349 571 3418 corruptionis
590 3348 622 3401 N
693 3349 826 3417 correptio
845 3349 878 3401 N
929 3352 944 3402 5
964 3348 1047 3400 habet
1065 3348 1092 3401 P
1111 3352 1149 3413 (et
1167 3351 1214 3402 m3
1232 3348 1263 3400 in
1281 3363 1338 3400 ros.

197 3463 298 3532 abac.)
363 3465 438 3517 dhis
459 3465 524 3517 libri
597 3467 759 3533 acceperunt
778 3463 864 3517 BOM
930 3465 963 3518 10
981 3429 1113 3526 {amulum
1133 3464 1160 3516 P
1223 3464 1253 3516 11
1275 3480 1338 3516 con·

196 3556 306 3606 suerunt
324 3552 385 3605 PT‘
405 3556 601 3605 consueuerant
619 3558 665 3606 cet.
714 3554 746 3605 12
766 3569 797 3606 ac
815 3553 971 3605 sinceritate
994 3553 1052 3606 OM
1095 3553 1127 3605 13
1148 3551 1296 3605 doctrinam
1317 3552 1342 3604 T

231 3641 304 3694 ads,
323 3658 349 3694 a.
370 3641 397 3693 P
449 3642 606 3694 instantiam
626 3642 725 3708 scripsi
742 3641 902 3695 industriam
916 3641 971 3694 Bc
986 3641 1119 3693 iustitiam
1139 3646 1186 3694 cet.
1227 3641 1260 3692 14
1274 3656 1338 3692 con·

195 3730 290 3798 scium]
311 3729 454 3783 comissum
473 3729 594 3782 DNCM
648 3731 679 3782 17
701 3730 771 3782 unde
792 3729 868 3782 etT‘
941 3730 1070 3798 cognouit
1088 3729 1113 3781 Τ
1130 3729 1288 3796 cognouerit
1306 3728 1337 3780 Τ*

196 3822 225 3882 (s.
245 3819 258 3870 l
277 3818 318 3870 uit
337 3823 417 3883 cras.)
455 3811 499 3872 '19
519 3823 608 3870 ulrum
627 3819 727 3871 siccum
746 3818 774 3870 P
793 3821 892 3884 (utrum
911 3835 932 3870 a.
952 3835 979 3870 u.
998 3820 1055 3882 m2)
1076 3823 1122 3870 cet.
1169 3815 1338 3869 acuminum

192 3905 248 3958 PT
264 3905 404 3959 humidum
423 3907 499 3975 D(h
518 3923 539 3960 c.
558 3911 597 3972 a.)
622 3906 652 3958 T‘
672 3912 720 3959 cet.
794 3907 932 3974 quoniam]
954 3906 1048 3974 quoB
1068 3906 1131 3973 quia
1144 3904 1207 3957 DN
1258 3904 1290 3956 21
1308 3907 1339 3957 ut

189 3993 294 4046 fructus
313 3995 431 4048 latentes
451 3995 500 4048 sub
521 4013 592 4063 aqua
610 3995 699 4064 possit
717 3995 741 4048 T
759 4012 827 4064 qnae
848 3998 890 4062 (ae
910 4011 943 4048 eac
957 3999 982 4059 a)
1003 3994 1092 4063 possit
1105 3994 1183 4046 Pma
1202 3993 1265 4063 (del.
1280 3996 1337 4061 m2)

190 4085 221 4134 ut
239 4084 326 4150 possit
344 4083 448 4137 fructus
467 4085 585 4137 latentes
604 4085 653 4137 snb
674 4101 745 4152 aqua
763 4071 790 4137 P
807 4086 837 4137 iac
856 4101 905 4153 rap.
926 4087 972 4136 ru3
991 4089 1037 4137 cet.
1116 4083 1150 4136 23
1170 4081 1337 4144 constituen-

192 4170 255 4222 dum
280 4171 311 4223 T‘
