3008 4666
332 238 479 292 Exameron
497 238 521 291 V
542 238 582 295 18.
604 240 644 301 19,
664 238 770 293 o1-63
809 240 833 304 (Ι
853 240 904 293 104
923 240 1035 294 B-loo
1054 240 1097 305 B).
1217 244 1279 306 187

136 437 194 513 est,
228 454 307 515 quae
341 453 451 518 graece
484 433 600 497 dicitur
632 436 722 519 pou,
756 436 942 516 susceptum
975 435 1067 498 illum
1097 436 1165 499 siue
1195 436 1281 499 abdi-

135 545 242 606 catum
280 540 348 605 siue
386 560 447 604 non
485 541 628 624 agnitum
666 541 789 622 aquilae
826 541 951 621 pullum
989 561 1061 605 oum
1099 561 1156 606 sua
1193 543 1332 624 proles:

135 648 273 714 conect‘t
306 651 400 729 atque
432 647 649 710 intermiscens
683 646 749 710 suis
784 647 893 710 eodem
926 666 987 728 qrro
1020 649 1163 731 proprios
1195 648 1280 712 letus

134 758 294 820 maternae
336 753 518 818 sedulitatis
561 752 665 817 officio
709 755 740 816 et
781 753 848 835 pari
889 753 1154 818 nutrimentorum
1196 774 1282 819 sum-

104 861 365 927 sministratione
393 860 496 941 pascit
525 863 556 924 et
583 860 693 923 nutrit.
724 879 797 943 ergo
827 862 906 944 φήνη
936 861 1055 925 alienos
1079 863 1198 926 nutrit:
1222 881 1279 926 nos
1351 854 1415 955 ²⁰7

10 982 19 998 ·
134 988 210 1033 uero
247 971 372 1032 nostros
409 966 514 1030 inmiti
552 967 738 1031 crudelitate
776 966 958 1049 proicimus.
998 969 1102 1049 aquila
1139 988 1214 1033 uero
1254 968 1280 1031 si
1431 972 1478 1021 Μ

133 1075 257 1158 proicit,
290 1094 352 1138 non
385 1074 476 1155 quasi
508 1092 602 1136 suum
634 1073 758 1155 proicit,
793 1074 849 1137 sed
881 1074 971 1155 quasi
1005 1074 1191 1159 degenerem
1218 1094 1279 1139 non

134 1181 355 1265 recognoscit:
378 1200 446 1258 nos,
473 1179 556 1261 quod
579 1179 671 1261 peius
697 1183 755 1257 est,
780 1199 859 1262 quos
879 1184 1004 1245 nostros
1023 1182 1280 1265 recognoscimus
1319 1191 1387 1289 tog

134 1288 328 1353 abdicamus.
1417 1250 1464 1337 ms

10 1392 66 1471 ‚62
89 1416 114 1454 ro
180 1394 242 1460 Sed
261 1395 426 1459 ueniamus
446 1395 486 1458 ad
504 1398 672 1471 turturem,
693 1414 788 1477 quam
802 1396 852 1458 lex
866 1395 918 1459 dei
932 1397 1023 1460 uelut
1037 1400 1141 1461 castae
1157 1397 1280 1462 hostiae
1307 1410 1330 1463 F

133 1521 250 1566 munus
270 1502 377 1585 elegit.
397 1501 532 1583 denique
548 1520 620 1565 cum
635 1500 781 1564 dominus
797 1502 1084 1580 circumcideretur,
1101 1503 1207 1566 oblata
1221 1507 1279 1582 est,
1369 1498 1398 1551 Ν
1406 1504 1425 1547 0

135 1608 209 1689 quia
233 1607 386 1690 scriptum
411 1608 513 1672 estin
538 1608 608 1691 lege
634 1607 762 1684 domini,
787 1610 824 1671 ut
847 1608 956 1671 darent
979 1609 1116 1673 hostiam
1140 1629 1196 1690 par
1215 1613 1279 1673 tur-

133 1717 241 1779 turum
261 1716 316 1778 aut
334 1714 413 1778 duos
432 1714 538 1794 pullos
554 1713 781 1779 columbarum.
797 1715 857 1778 hoc
872 1718 921 1778 est
936 1715 1018 1778 enim
1033 1735 1145 1779 uerum
1161 1714 1278 1779 Christi
1369 1704 1394 1757 Ν
1403 1706 1414 1753 ²

134 1820 323 1884 sacrificium
346 1820 501 1901 pudicitia
524 1820 695 1901 corporalis
715 1823 747 1883 et
765 1820 867 1904 gratia
886 1821 1048 1902 spiritalis.
1069 1821 1222 1903 pudicitia
1241 1822 1280 1884 ad

10 1914 13 1921 ’
89 1946 115 1986 as
133 1929 291 1990 turturem
309 1926 451 2000 refertur,
472 1926 511 1990 ad
531 1927 709 1991 columbam
724 1926 833 2009 gratia.
850 1928 948 1991 fertur
963 1927 1077 1991 etenim
1094 1930 1208 2003 turtur,
1223 1928 1279 1991 ubi
1360 1910 1410 2007 ³⁸3

133 2033 249 2117 iugalis
269 2033 386 2116 proprii
405 2033 501 2097 fuerit
520 2033 690 2096 amissione
709 2032 850 2109 uiduata,
871 2037 1050 2115 pertaesum
1069 2034 1226 2098 thalamos
1247 2038 1379 2098 ot105A

133 2159 246 2206 nomen
260 2140 375 2204 habere
391 2139 540 2223 coniugii,
557 2159 591 2203 eo
608 2139 691 2221 quod
702 2139 822 2220 primus
834 2159 921 2203 arnor
931 2140 1080 2204 fefellerit
1090 2159 1159 2203 eam
1169 2140 1278 2204 dilecti

133 2249 235 2311 morte
259 2247 433 2329 deceptam,
459 2246 607 2327 quoniam
632 2256 663 2309 et
686 2245 822 2309 infidelis
847 2246 886 2308 ad
904 2246 1146 2328 perpetuitatem
1166 2246 1229 2310 fuit
1248 2249 1281 2309 et

135 2372 260 2417 amarus
284 2352 323 2416 ad
347 2352 490 2436 gratiam,
516 2352 569 2432 qui
588 2352 660 2434 plus
681 2352 797 2416 doloris
818 2371 854 2415 ex
873 2356 974 2417 morte
994 2371 1088 2435 quam
1109 2353 1278 2416 suauitatis

90 2479 117 2519 so
135 2479 171 2524 ex
198 2459 329 2524 caritate
358 2458 564 2542 generauerit.
592 2458 701 2540 itaque
728 2458 842 2522 iterare
871 2458 1124 2523 coniunctionem
1151 2462 1280 2523 recusat
1331 2444 1397 2501 35*

134 2585 190 2630 neo
215 2565 345 2648 pudoris
367 2565 437 2629 iura
461 2569 516 2629 aut
539 2565 722 2647 complaciti
746 2565 806 2628 uiri
829 2566 962 2629 resoluit
985 2565 1120 2641 foedera,
1145 2562 1194 2628 illi
1218 2564 1278 2628 soli

135 2691 226 2737 suam
254 2673 418 2736 caritatem
446 2674 597 2749 reseruat,
626 2671 674 2735 illi
703 2671 843 2736 custodit
871 2691 983 2736 nomen
1012 2671 1127 2737 uxoris,
1152 2670 1276 2747 discite,

134 2778 294 2856 mulieres,
324 2781 440 2861 quanta
468 2779 511 2843 sit
538 2778 705 2842 uiduitatis
735 2778 846 2861 gratia,
875 2798 954 2860 quae
984 2778 1078 2841 etiam
1106 2778 1137 2841 in
1162 2777 1276 2840 auibus
1303 2787 1329 2840 Β

23 2886 66 2950 63
134 2884 343 2968 praedicatur.
373 2885 444 2967 quis
472 2885 570 2969 igitur
598 2885 653 2948 has
677 2886 765 2969 leges
789 2885 906 2948 turturi
930 2885 1042 2952 dedit?
1067 2885 1095 2948 si
1118 2884 1277 2948 hominem
1350 2876 1404 2961 ild

94 3016 121 3055 es
136 3010 261 3074 quaero,
284 3011 346 3056 non
369 2991 506 3055 inuenio.
530 2991 625 3055 homo
651 2991 733 3054 enim
753 2991 859 3055 nullus
880 2993 928 3054 est
948 3010 1055 3069 arisae,
1076 2990 1200 3073 quando
1221 3009 1279 3054 nec
1426 2976 1439 3023 ‘³
1453 2976 1479 3023 Ἰ·

133 3098 253 3162 Paulus
270 3117 366 3162 ausus
380 3102 430 3162 est
443 3100 531 3181 leges
546 3098 697 3162 tenendae
712 3097 880 3162 uiduitatis
899 3097 1122 3180 praescribere.
1144 3098 1278 3179 denique

133 3205 280 3287 ipseait:
301 3206 394 3269 uolo
415 3224 508 3289 ergo
528 3205 712 3269 iuniores
734 3205 893 3282 nubere,
914 3205 1032 3268 filios
1052 3224 1277 3287 procreare,

226 3396 259 3449 10
277 3396 339 3448 Bas.
361 3395 517 3465 wreus
537 3396 570 3455 Β)
611 3395 828 3457 11Luo.·2,24
866 3395 1005 3449 inuenit.
1027 3395 1105 3458 128
1144 3396 1176 3448 16
1198 3394 1277 3462 Uerg.

134 3482 201 3538 Aen.
220 3484 278 3538 1111
298 3485 402 3539 rra-18
461 3486 494 3537 27
514 3482 527 3534 Ι
547 3485 612 3539 Tim.
634 3488 658 3548 5,
681 3485 713 3538 14

173 3606 464 3663 letbfenillfene
484 3608 515 3659 N
631 3608 923 3662 3oonuertitPetn
939 3625 983 3676 pr.
1004 3608 1233 3676 expmsuma
1254 3607 1281 3660 G

171 3698 293 3767 proprios
315 3696 380 3762 Oto
403 3698 451 3750 crit.
471 3714 504 3750 eac
523 3699 550 3764 u)
597 3698 615 3750 4
634 3696 789 3750 sedulitatis
808 3697 830 3750 0
847 3698 866 3767 (i
887 3698 935 3752 alt.
955 3714 988 3750 eu
1007 3714 1020 3750 e
1039 3700 1096 3761 md)
1143 3699 1159 3750 5
1175 3696 1280 3749 alienos

139 3785 163 3839 0
180 3790 206 3852 (o
226 3786 305 3855 earu)
344 3786 377 3840 10
397 3790 499 3849 rostrae
523 3786 545 3838 0
563 3789 680 3854 (raeap.
700 3791 757 3852 rud)
797 3788 829 3840 15
850 3787 960 3854 etenim]
980 3787 1051 3839 enirn
1065 3786 1133 3842 dlM¹
1172 3786 1203 3839 16
1218 3802 1280 3854 per-

135 3879 246 3930 taesuut
268 3876 292 3929 Ο
312 3879 453 3945 pertesunt
474 3880 553 3940 (corr.
574 3881 621 3930 aaut)
639 3879 803 3945 pertaesum)
822 3876 847 3930 G
867 3882 977 3946 apertae
997 3879 1060 3929 sunt
1074 3877 1101 3929 P
1120 3879 1199 3942 (corr.
1219 3891 1278 3943 per-

135 3966 236 4035 taesui)
260 3965 285 4018 V
301 3969 445 4035 pertaesus
463 3966 499 4019 M
515 3965 706 4034 pertaessasS
773 3967 805 4020 18
824 3967 1034 4035 perpetuitatem
1058 3965 1081 4019 0
1098 3965 1118 4030 (i
1137 3981 1169 4018 ex
1189 3981 1202 4017 e
1222 3964 1279 4032 aad)

137 4055 171 4109 19
191 4055 255 4123 quid
273 4053 298 4106 Π
319 4056 347 4122 (d
367 4071 425 4123 exp.
448 4055 485 4121 G)
550 4057 584 4109 26
603 4056 748 4111 rescribere
768 4056 791 4108 ll
813 4061 891 4121 (corr.
911 4060 958 4110 raet)
979 4056 1014 4123 G)
1085 4055 1118 4109 27
1139 4072 1201 4125 ergo
1227 4054 1282 4108 VN

137 4143 207 4196 enim
230 4143 307 4197 CGP
