3008 4666
238 269 305 334 '418
712 265 908 318 Ambrosii

238 465 303 528 iam
330 462 452 526 iustum
481 461 611 524 dixerim
639 461 701 524 uisi
733 461 845 524 horum
877 461 1014 525 liberum
1046 460 1256 543 uinculorum,
1290 478 1385 541 quem

240 573 371 634 naturae
399 568 575 633 eommunis
602 568 733 647 uincula
759 588 820 633 non
848 571 995 632 teneant?
1028 585 1139 631 omnes
1166 565 1226 630 snb
1254 568 1385 648 peceato

239 677 280 740 ab
307 675 420 752 Adam,
449 676 481 738 in
510 695 618 739 omnes
647 676 800 758 regnabat
826 695 921 740 mors.
955 674 1064 738 ueniat
1096 674 1185 738 solus
1217 672 1324 736 iustus
1352 672 1385 735 in

239 784 413 864 conspectu
437 781 497 857 dei,
522 781 560 845 de
585 801 646 863 quo
670 782 732 845 iam
757 799 817 844 non
842 800 921 857 oum·
939 781 1122 862 exceptione
1145 779 1282 843 dicatur:
1310 799 1385 844 non

239 888 433 969 peccauit
459 888 497 952 in
525 887 651 951 labiis
681 888 784 963 suis,
816 887 888 951 sed:
921 890 1135 969 peceatum
1166 905 1241 949 non
1270 884 1384 950 feeit.
1418 921 1430 959 s

148 1397 244 1480 4‚a.
286 1392 483 1476 Gigantes
513 1396 645 1457 auteur
671 1395 784 1457 erant
811 1391 848 1453 iu
879 1394 986 1455 terra
1015 1392 1159 1455 diebus
1187 1390 1289 1455 illis.
1322 1409 1384 1455 non
1447 1395 1493 1450 230

238 1502 406 1582 poetarum
429 1520 515 1564 more
539 1501 687 1584 gigantas
710 1500 784 1562 illos
809 1503 909 1562 terrae
932 1497 1016 1563 filios
1040 1499 1112 1563 nult
1135 1497 1236 1563 uideri
1259 1497 1384 1562 diuinae

237 1605 414 1687 scripturae
447 1605 599 1683 conditor,
633 1605 690 1669 sed
722 1625 758 1668 ex
791 1605 912 1688 angelis
941 1610 973 1670 et
1000 1605 1187 1669 mulieribus
1220 1606 1385 1688 generatos

238 1712 358 1775 adserit
382 1732 460 1793 qnos
485 1712 544 1775 lroo
577 1713 719 1795 appellat
750 1713 907 1778 uocabulo
936 1713 1048 1777 uolens
1077 1730 1186 1776 eorum
1214 1710 1385 1792 exprimere

239 1819 491 1902 magnitudinem
524 1819 673 1899 corporis.
708 1821 740 1882 et
773 1819 1009 1884 consideremus
1042 1837 1079 1881 ue
1109 1817 1189 1882 forte
1218 1817 1386 1901 gigantum
1405 1849 1430 1887 11

239 1926 362 1989 similes
395 1926 459 1989 sint
490 1925 633 1989 homines
671 1925 760 1989 oultu
798 1925 963 1989 studentes
1001 1925 1101 1989 earnis
1139 1943 1225 2000 suae,
1263 1924 1385 1988 animae

239 2036 345 2096 autern
364 2032 483 2095 nullam
504 2051 610 2095 euram
629 2032 793 2108 habentes,
814 2033 900 2096 siout
922 2032 970 2095 illi
990 2032 1044 2114 qni
1059 2032 1096 2095 de
1111 2034 1193 2095 terra
1210 2031 1386 2094 secundnm

238 2139 397 2220 poetieam
413 2139 473 2201 orti
492 2139 632 2202 fabulam
652 2139 735 2202 mole
755 2138 894 2220 corporis
914 2139 964 2202 sni
982 2138 1055 2203 freti
1073 2137 1218 2203 feruntur
1235 2136 1386 2201 habuisse

238 2248 458 2326 contemptum
482 2264 677 2326 superorum.
703 2266 740 2309 an
764 2246 905 2327 dispares
928 2245 1115 2309 aestimandi
1135 2247 1209 2308 sunt
1227 2244 1291 2326 qui,
1312 2263 1385 2307 oum
1448 2253 1468 2306 ll

238 2371 275 2415 ex
300 2352 402 2414 anima
426 2355 571 2414 constent
590 2369 626 2414 ao
646 2369 783 2434 corpore,
803 2352 919 2416 mentis
939 2352 1094 2435 uigorem,
1114 2371 1176 2433 qna
1193 2351 1273 2414 nihil
1290 2351 1387 2414 habet
1404 2380 1429 2419 11

163 2464 167 2474 ’
239 2459 346 2522 anima
376 2458 556 2539 pretiosius
591 2462 776 2522 auersantnr
809 2464 840 2523 et
873 2478 906 2522 se
939 2459 1039 2522 oarnis
1076 2458 1172 2523 huius
1208 2459 1385 2523 imitatores

240 2567 331 2629 uelut
354 2568 512 2628 maternae
537 2565 684 2628 exhibent
707 2565 893 2629 stoliditatis
918 2565 1070 2630 heredes?
1089 2566 1197 2648 itaque
1215 2566 1246 2629 in
1266 2584 1385 2630 uanum

239 2672 384 2736 laborant
407 2672 530 2735 caelum
553 2672 639 2735 notis
661 2676 851 2753 usurpantes
872 2673 1015 2754 superbis
1036 2675 1067 2736 et
1085 2673 1217 2736 terrenis
1237 2672 1385 2754 operibus

240 2778 438 2853 incubantes,
472 2778 526 2859 qui
559 2778 710 2842 electione
742 2779 899 2843 inferioris
933 2783 964 2842 et
996 2782 1180 2862 contemptu
1213 2779 1386 2860 superioris

241 2886 392 2950 consortii
420 2889 581 2966 tamqnam
609 2886 798 2950 uoluntariis
827 2886 951 2950 obnoxii
978 2887 1116 2968 peccatis
1146 2886 1289 2970 grauiore
1313 2906 1386 2951 oon-
1404 2913 1430 2951 11

195 2988 428 3054 9demnantur
455 2991 635 3055 seueritate.
669 2991 855 3073 plerumque
884 2992 1012 3074 angelos
1041 2991 1123 3056 filios
1155 2991 1205 3055 dei
1229 2990 1388 3075 scriptura
1433 3003 1502 3058 2312

240 3101 344 3175 uocat,
377 3098 450 3178 qnia
475 3115 510 3160 ex
533 3098 620 3161 nullo
646 3096 771 3161 homine
796 3099 984 3180 generantur
1007 3098 1138 3162 animae.
1168 3097 1275 3179 itaque
1297 3099 1386 3162 nixos

234 3372 237 3377 ·
328 3373 440 3428 anon.
460 3375 484 3437 a,
505 3374 532 3429 9:
554 3377 579 3441 5,
600 3376 633 3428 14
679 3375 763 3428 410b
785 3376 808 3437 1,
828 3377 861 3428 aa
917 3374 1154 3437 mesanam
1200 3343 1385 3440 omaso

239 3464 319 3516 Philo
341 3460 537 3528 Quaest192
592 3465 621 3516 21
647 3462 713 3517 Gen.
734 3465 758 3527 6,
777 3466 794 3516 2
815 3469 842 3517 et
860 3466 877 3517 4

234 3643 376 3709 'tputo
396 3644 568 3709 conspectum
675 3641 736 3693 6111
757 3640 852 3693 diebus
876 3640 942 3693 T‘N
1045 3642 1207 3710 lgigantps
1226 3641 1295 3710 P(e
1315 3656 1335 3694 s.
1357 3645 1383 3704 a)

238 3732 366 3798 gigantes
386 3736 432 3783 oet.
471 3729 623 3797 9corporis
644 3729 789 3798 exprimere
808 3729 1023 3798 magnitudinem
1043 3730 1076 3782 N
1116 3731 1145 3783 ll
1167 3731 1222 3782 sint
1240 3730 1341 3783 similes
1357 3730 1391 3782 N

276 3818 360 3871 cultui
378 3819 406 3870 P
423 3818 444 3888 (i
462 3821 518 3883 rn2)
539 3823 585 3870 oet.
640 3818 673 3870 14
693 3817 858 3885 superiorum
878 3818 931 3870 PB
983 3820 1015 3872 15
1036 3821 1162 3872 constant
1183 3818 1208 3870 Τ
1279 3822 1308 3872 et
1327 3835 1385 3872 cor·

238 3923 302 3974 pore
322 3906 349 3958 B
422 3907 524 3973 uigori*
537 3905 570 3957 N
586 3906 605 3974 (i
626 3906 673 3959 alt.
693 3905 725 3956 in
742 3908 809 3968 ras.)
893 3907 956 3974 quia
974 3907 1001 3959 P
1021 3908 1040 3973 (i
1060 3912 1141 3973 eros.)
1163 3924 1215 3976 quo
1234 3907 1261 3960 B
1280 3923 1334 3976 qua
1352 3924 1386 3961 ex

239 3993 305 4060 qnia
322 3993 356 4044 N
407 3994 440 4046 lo
460 3996 618 4046 anersentur
641 3993 666 4044 Τ
683 3992 861 4046 aduersautur
885 3994 916 4046 T‘
985 3996 1017 4047 17
1038 3997 1101 4048 stoli
1124 3996 1185 4061 (del.
1205 3996 1257 4065 nel)
1276 3996 1384 4050 stolidi·

238 4081 304 4132 tatis
323 4081 351 4132 P
422 4081 567 4134 letiferis
589 4083 613 4134 Τ
685 4082 719 4136 20
739 4083 858 4150 grauiori
877 4085 907 4136 N
978 4086 1010 4138 21
1033 4087 1178 4138 securitate
1197 4085 1229 4138 N
1302 4090 1386 4140 uocat

238 4168 372 4235 scriptura
390 4168 421 4220 Ν
474 4170 509 4222 22
528 4169 634 4222 animae
653 4171 680 4222 P
699 4174 725 4234 (a
739 4187 784 4238 pr.
804 4172 835 4224 e'n
854 4188 911 4225 ros.
930 4176 986 4242 m2)
