3008 4666
220 247 287 310 388
704 243 904 297 Ambrosii

220 439 387 515 numerari,
422 440 507 504 sicut
539 439 693 522 scriptum
727 442 789 504 est:
825 439 994 519 domine,
1028 440 1196 521 posside
1224 458 1305 504 nos.
1335 458 1373 503 ea

221 550 271 612 est
302 548 385 612 enirn
419 548 489 612 sola
519 547 692 630 possessio,
727 566 806 630 quae
836 547 933 611 nullis
963 547 1096 612 obnoxIa
1123 546 1371 629 tempestatibus

220 658 390 737 perpetuae
419 654 539 738 gratiae
567 655 647 718 ferat
674 654 808 720 fructus.
842 655 1023 737 redemptor
1049 654 1179 718 Leuites
1208 656 1266 731 est,
1297 653 1373 734 quia

220 761 271 825 uir
299 762 423 844 sapiens
452 761 627 844 redemptio
655 761 834 844 insipientis
864 763 923 837 est,
956 761 1011 844 qui
1039 765 1202 843 tamquam
1224 760 1369 824 medicus
1436 762 1459 815 B

221 887 351 950 aegrum
375 867 554 949 insipientis
580 868 720 932 animum
743 868 833 932 fouet
857 871 890 932 et
909 867 1063 950 quaedam
1084 866 1246 952 adspergit
1265 866 1373 931 solidi·
1402 892 1415 931 s

222 973 268 1037 ori
300 973 398 1037 menti
430 973 616 1055 prudentiae
650 975 880 1038 medicamenta
908 974 1052 1038 imitatus
1081 974 1173 1038 illum
1201 973 1371 1050 medicum,

222 1080 277 1161 qui
302 1081 339 1144 de
365 1080 451 1144 caelo
471 1081 570 1158 uenit,
589 1083 627 1143 ut
646 1081 877 1145 demonstraret
895 1081 1077 1145 hominibus
1097 1080 1282 1164 prudentiae
1300 1080 1372 1144 uias

222 1190 255 1250 et
284 1187 458 1268 sapientiae
491 1187 621 1251 semitas
650 1188 793 1270 paruulis
821 1188 987 1252 reuelaret.
1019 1188 1150 1251 uidebat
1179 1186 1261 1250 eninr
1286 1186 1372 1250 labo-

222 1296 326 1358 rantes
359 1311 420 1357 non
452 1312 547 1375 posse
581 1295 647 1358 sine
680 1295 818 1359 remedio
853 1294 970 1358 saluari
1007 1297 1040 1358 et
1074 1294 1146 1358 ideo
1183 1293 1372 1357 medicinam

222 1401 382 1464 tribuebat
407 1400 520 1482 aegris,
544 1401 615 1465 ideo
640 1402 786 1466 omnibus
812 1421 904 1484 opem
929 1401 1075 1466 sanitatis
1100 1400 1225 1478 detulit,
1246 1403 1285 1463 ut
1305 1400 1417 1482 qui-10

223 1526 359 1589 cumque
382 1508 511 1591 perierit
534 1509 645 1573 mortis
670 1527 746 1572 suae
770 1528 882 1573 causas
908 1507 969 1571 sibi
993 1497 1162 1584 adscribat,
1192 1506 1246 1589 qui
1271 1507 1373 1570 curari

223 1614 335 1693 noluit,
369 1635 440 1680 cum
474 1616 650 1680 remedium
683 1616 814 1679 haberet
848 1635 909 1698 quo
937 1618 1050 1697 posset
1078 1615 1221 1693 euadere,
1252 1613 1373 1678 Christi
1441 1613 1462 1668 C

223 1725 330 1784 autern
361 1721 530 1785 manifesta
557 1721 588 1784 in
617 1741 725 1786 omnes
754 1722 953 1803 praedicetur
975 1720 1202 1793 misericordia,
1226 1738 1263 1784 eo
1288 1719 1373 1801 quod

222 1826 246 1889 ii
270 1827 324 1909 qui
352 1831 487 1909 pereunt
517 1848 576 1892 sua
604 1831 735 1911 pereant
761 1827 972 1911 neglegentia,
998 1828 1053 1909 qui
1077 1830 1183 1891 autern
1209 1826 1374 1890 saluantur

224 1933 400 1998 secundum
430 1933 549 1998 Christi
578 1935 766 1999 sententiam
795 1934 977 2011 liberentur,
1008 1934 1062 2014 qui
1091 1951 1199 1997 ornnes
1227 1932 1372 1996 homines
1392 1957 1417 1996 1⁶

203 2040 296 2119 ,uult
328 2042 437 2105 saluos
469 2040 537 2103 fieri
570 2043 602 2105 et
628 2041 660 2104 in
691 2041 883 2124 agnitionem
914 2040 1059 2104 ueritatis
1088 2040 1207 2104 uenire.
1237 2038 1372 2120 denique

224 2148 256 2209 et
281 2145 418 2210 Sodoma
442 2147 470 2210 si
493 2147 658 2212 habuisset
682 2147 914 2230 quinquaginta
936 2147 1050 2224 iustos,
1075 2166 1136 2211 non
1156 2148 1242 2210 esset
1261 2165 1374 2210 euersa

165 2334 168 2339 Ι
224 2256 257 2316 et
280 2254 307 2317 si
331 2253 441 2317 decern
463 2253 641 2332 habuisset,
667 2256 753 2317 esset
775 2253 947 2335 redempta,
973 2272 1009 2317 eo
1035 2253 1120 2335 quod
1142 2272 1244 2318 sermo
1263 2252 1373 2316 remis-

225 2360 322 2425 sionis
346 2362 549 2443 peccatorum
574 2361 709 2424 animam
735 2361 890 2425 seruItute
910 2364 1002 2424 eruat
1021 2362 1053 2424 et
1071 2360 1256 2443 disciplinae
1274 2359 1373 2441 pleni·
1436 2370 1461 2422 D

224 2467 302 2531 tudo
335 2468 494 2549 perfectae
531 2470 669 2531 mentem
707 2487 767 2531 non
806 2468 890 2532 sinat
927 2467 1015 2531 edaci
1052 2466 1220 2530 libidinum
1256 2484 1374 2547 uapore
1392 2489 1420 2528 ao

225 2575 381 2640 consumi.

184 2678 223 2738 12
270 2682 447 2746 Plurimum
481 2685 587 2746 tamen
620 2681 715 2745 refert
748 2685 780 2745 et
808 2682 960 2746 moralem
990 2680 1136 2745 aedificat
1163 2680 1321 2756 affectum,
1347 2678 1375 2742 si

226 2789 321 2852 etiam
340 2808 507 2852 numerum
525 2788 683 2852 iustorum
701 2789 888 2869 simpliciter
902 2789 1095 2869 accipiamus
1110 2786 1261 2868 prodesse
1275 2804 1375 2867 popu-

224 2894 327 2957 lorum
352 2895 459 2958 saluti.
485 2895 653 2975 conprimit
676 2898 708 2958 et
730 2898 854 2959 resecat
872 2894 1035 2970 inuidiam,
1057 2893 1221 2957 confundit
1237 2891 1375 2973 inprobi-

225 3001 334 3076 tatem,
371 3001 524 3063 uIrtutem
561 3000 683 3078 incitat,
722 3004 818 3084 auget
856 3001 999 3084 gratiam.
1038 3020 1129 3064 nemo
1164 2999 1248 3063 enim
1281 2996 1420 3063 debebas

226 3106 367 3170 inuidere
396 3107 486 3169 alteri
514 3106 651 3185 laudern,
677 3127 756 3190 quae
780 3109 842 3172 sibi
864 3108 976 3189 prosit,
1001 3110 1095 3188 atque
1119 3106 1269 3188 inprobus
1290 3104 1375 3187 quis-

227 3232 287 3294 que
320 3213 551 3296 redemptorem
585 3233 679 3277 suurn
717 3215 792 3278 dum
831 3214 968 3296 suscipit
1002 3214 1182 3295 frequenter
1217 3211 1372 3289 imitatur,

227 3322 311 3383 certe
344 3323 520 3398 ueneratur,
554 3321 741 3403 plerumque
775 3322 871 3385 etiarn
905 3320 1020 3404 diligit.
1052 3320 1122 3402 ipse
1152 3319 1257 3396 etiarn,
1287 3317 1315 3381 si
1339 3336 1373 3382 se
1441 3328 1463 3381 Ε

318 3580 430 3634 lExod.
445 3582 520 3646 34,9
575 3582 685 3635 4Philo
704 3581 737 3635 de
756 3599 822 3636 sacr.
843 3583 876 3635 37
897 3582 967 3647 (187,
987 3583 1015 3645 9;
1035 3580 1050 3634 Ι
1069 3583 1130 3644 251,
1150 3581 1166 3634 3
1189 3579 1231 3644 0.,
1252 3578 1373 3643 187,12;

227 3668 240 3720 Ι
259 3668 320 3731 251,
340 3669 355 3721 6
378 3667 418 3735 Ο.)
505 3669 521 3721 8
540 3669 639 3722 Psalm.
659 3669 785 3723 11111118
804 3670 903 3722 blatth.
925 3670 966 3731 ll,
986 3670 1020 3722 25
1096 3668 1205 3721 1410h.
1225 3668 1251 3730 3,
1271 3666 1304 3720 16
1324 3681 1374 3733 sq,

227 3756 290 3809 Luc.
312 3757 354 3820 19,
376 3759 408 3810 10
488 3760 519 3812 15
544 3758 601 3811 Ioh.
627 3759 652 3825 3,
678 3760 710 3811 17
789 3759 821 3811 17
847 3757 912 3811 Gen.
939 3758 981 3821 18,
1006 3758 1040 3811 24
1064 3774 1121 3826 sqq.
1145 3756 1226 3809 Philo
1250 3754 1283 3808 de
1307 3769 1374 3807 sacr.

227 3845 261 3898 37
281 3844 353 3911 (187,
374 3847 419 3910 17;
440 3846 454 3898 Ι
472 3848 535 3914 251,
553 3848 569 3900 9
592 3847 633 3913 0.)

265 3970 433 4022 Inrunerari
451 3971 488 4024 M
527 3971 691 4025 5solidiora
709 3973 766 4036 Bor,
780 3974 850 4040 sort.
871 3971 1006 4025 solidioris
1049 3967 1264 4023 1411110101Ν
1280 3967 1374 4020 hicet.

230 4058 262 4110 16
282 4062 310 4110 et
329 4058 364 4110 ad
383 4059 410 4110 P
489 4059 522 4113 18
541 4059 681 4128 redempta
701 4064 773 4113 esset
790 4061 817 4112 P
904 4062 936 4113 19
956 4060 1088 4113 seruitute
1106 4058 1161 4111 Bn
1179 4055 1307 4110 seruituti
1326 4059 1373 4108 cet.

229 4147 261 4199 21
282 4148 403 4199 consumi
421 4149 499 4201 MM‘
553 4149 588 4202 24
608 4149 731 4202 confudit
748 4150 810 4203 MP
