3008 4666
425 255 466 308 De
485 254 544 308 Noe
564 256 588 308 9.
610 254 651 320 10,
671 254 778 309 30-33
821 254 845 320 (Ι
865 254 917 309 238
936 254 1049 308 11-239
1068 255 1110 323 F).
1273 259 1338 322 433
1373 271 1376 276 “

190 449 266 514 dum
291 451 322 516 in
347 451 431 515 bello
457 470 530 514 eum
554 451 725 532 imperator
749 451 787 514 ab
815 451 909 515 hoste
938 451 1102 531 occiditur,
1132 453 1339 517 commoritur

192 557 260 622 eius
290 558 445 623 exercitus
475 560 570 640 atque
599 557 699 622 omnis
729 557 953 621 comminuitur
980 559 1084 622 uirtus
1108 558 1265 637 mil'taris,
1292 560 1338 623 sio

191 684 251 729 non
276 663 453 749 discrepare
478 685 496 729 a
518 665 645 730 iustitia
667 665 775 729 uisum
799 667 858 742 est,
884 684 957 728 oum
980 664 1123 730 interiret
1150 667 1256 748 homo,
1286 667 1338 730 oui

189 772 329 856 regalem
360 772 518 854 quandam
546 773 694 837 dominus
723 772 799 836 deus
828 771 859 834 in
889 791 980 835 omne
1005 771 1213 836 animantium
1237 791 1337 856 genus

162 881 382 960 apotesiatem
411 879 509 957 dedit,
538 882 574 943 ut
602 879 748 944 omnibus
776 878 963 943 uolatilibus
996 878 1071 942 feris
1099 879 1210 942 bestiis
1239 879 1338 960 impe-

188 985 260 1048 riali
286 988 450 1067 praeesset
478 985 677 1062 austeritate,
707 985 791 1067 quod
820 985 916 1049 etiam
944 987 1082 1068 pecudes
1112 987 1143 1049 et
1171 1005 1337 1066 quaecum-

191 1110 251 1174 que
281 1096 368 1157 erant
395 1092 630 1156 inrationabilia
658 1094 927 1156 commorerentur
956 1091 1112 1156 animalia.
1146 1091 1280 1174 denique
1311 1091 1337 1155 si
1356 1100 1382 1153 D

193 1199 316 1279 quando
350 1201 400 1263 est
431 1198 616 1280 pestilentia
648 1202 795 1281 corrupto
824 1198 904 1263 caeli
932 1201 1047 1276 tractu,
1075 1198 1164 1280 prius
1193 1218 1229 1262 ea
1258 1219 1336 1281 quae

192 1311 267 1374 sunt
297 1307 531 1372 inrationabilia
562 1307 632 1370 lues
671 1306 737 1370 dira
774 1306 967 1370 contaminat
1005 1307 1037 1371 et
1073 1305 1206 1369 manime
1243 1325 1337 1369 canes

147 1429 172 1469 1⁰
192 1435 290 1498 equos
318 1416 418 1480 boues
447 1416 541 1496 atque
567 1433 603 1477 ea
626 1413 728 1477 inficit
750 1432 829 1495 quae
855 1432 927 1477 cum
951 1412 1134 1477 hominibus
1158 1413 1337 1477 conuersari

190 1522 348 1600 uidentur,
375 1522 420 1586 sic
444 1520 546 1585 morbi
568 1520 619 1584 uis
645 1520 739 1584 etiam
765 1539 865 1603 genus
889 1521 1062 1583 humanum
1086 1518 1226 1601 inplicat.
1260 1520 1337 1584 haec

100 1627 143 1690 32
189 1628 288 1712 igitur
315 1630 416 1711 prima
448 1647 545 1692 eausa
575 1627 689 1704 iustae,
723 1629 760 1690 ut
792 1627 934 1704 arbitror,
969 1626 1167 1703 adsertionis‚
1201 1625 1338 1690 secunda

190 1735 246 1799 illa
274 1735 348 1817 quia
376 1754 467 1799 nemo
497 1737 627 1798 accusat
654 1737 798 1797 naturam
828 1752 884 1797 cur
910 1733 1033 1815 reliqua
1065 1733 1203 1814 eorporis
1237 1734 1337 1797 nostri

190 1842 331 1905 membra
353 1842 526 1906 moriantur
550 1842 617 1906 solo
643 1841 745 1923 capite
769 1841 906 1917 sublate,
932 1859 1004 1904 cum
1028 1840 1382 1904 11111011111111111111

147 1964 174 2004 1⁵
193 1949 365 2030 amputatis
395 1949 541 2012 manibus
571 1951 603 2012 et
630 1948 765 2030 pedibus
800 1946 1013 2029 superuiuere.
1048 1946 1103 2012 sed
1136 1966 1196 2010 non
1228 1947 1336 2011 eadem

192 2058 367 2119 ceterorum
396 2054 609 2119 membrorum
634 2057 684 2118 est
705 2053 927 2137 praerogatiua
951 2073 1031 2135 quae
1055 2053 1178 2136 capitis,
1202 2053 1336 2135 ideoque

192 2162 316 2226 absciso
346 2180 393 2239 eo,
422 2161 506 2224 unde
535 2181 648 2225 sensus
673 2161 774 2225 nostri
797 2162 826 2224 in
850 2160 1008 2241 reliquum
1034 2179 1146 2242 eorpus
1169 2160 1335 2242 prodeunt,

192 2268 440 2333 commoriuntur
468 2268 563 2331 etiam
586 2268 728 2331 membra
751 2267 865 2345 omnia,
889 2286 946 2331 neo
968 2267 1001 2330 in
1026 2286 1061 2331 eo
1086 2269 1141 2330 aut
1165 2267 1336 2349 operatoris

190 2373 389 2455 prouidentia
427 2373 623 2438 desideratur
660 2376 716 2438 aut
753 2374 950 2438 substantiae
988 2375 1143 2437 humanae
1179 2374 1336 2456 fragilitas

146 2497 173 2536 20
190 2480 398 2564 redarguitur.
429 2480 577 2544 similiter
605 2500 678 2564 ergo
707 2500 799 2545 nemo
828 2499 911 2545 nuno
940 2482 1052 2564 arguat
1079 2480 1152 2560 quia
1180 2486 1276 2562 caput
1306 2483 1338 2544 et

190 2586 362 2669 principale
401 2586 559 2668 quoddam
597 2590 773 2652 ceterorum
811 2587 995 2650 animalium
1037 2587 1132 2651 homo
1174 2590 1232 2664 est,
1275 2606 1335 2668 quo

191 2692 344 2757 moriente
381 2711 442 2755 non
480 2692 574 2755 debet
609 2693 726 2756 mirum
758 2693 860 2756 uideri
894 2693 920 2756 si
953 2696 1063 2756 cetera.
1091 2693 1382 2757 commoriantan

102 2807 144 2868 33
191 2799 372 2864 animantia.
397 2800 527 2864 tertium
549 2799 629 2863 illud
654 2803 704 2864 est
728 2799 801 2880 quia
824 2799 955 2864 rationis
975 2800 1112 2881 expertia
1131 2819 1191 2864 nou
1209 2803 1338 2881 propter

192 2924 234 2982 se,
268 2907 324 2970 sed
350 2911 478 2991 propter
509 2907 669 2971 hominem
703 2909 851 2989 generata
888 2910 962 2970 sunt
999 2907 1160 2983 animalia3
1197 2907 1336 2970 hominis

146 3026 172 3066 2⁵
191 3012 272 3075 enim
306 3032 403 3078 causa
434 3033 504 3078 esse
536 3015 704 3095 praecepta
737 3015 820 3091 sunt,
854 3017 890 3076 ut
923 3032 1031 3077 eorum
1055 3013 1251 3077 subiectione
1279 3014 1336 3076 hu-

189 3138 281 3182 mana
304 3123 480 3201 praestaret
505 3120 658 3185 condicio.
693 3120 826 3202 denique
860 3120 979 3203 gratiae
1012 3119 1149 3184 bominis
1183 3119 1337 3183 adtribuit

192 3227 346 3308 propbeta
375 3226 496 3290 dicens:
527 3227 657 3290 omnia
686 3226 910 3292 subiecisti
939 3226 1010 3290 sub
1037 3227 1211 3306 pedibus
1237 3227 1335 3302 eius,

280 3469 295 3522 8
314 3468 396 3536 Uerg.
416 3469 483 3524 Aen.
502 3468 545 3521 Ill
565 3470 616 3522 138
636 3485 675 3537 sq.
732 3471 747 3522 9
766 3469 798 3522 Il.
818 3468 1136 3537 15011111111111)
1188 3470 1221 3522 27
1237 3469 1334 3522 Psalru.

189 3556 257 3610 VIII
276 3558 344 3610 7-9

226 3680 419 3733 5ualatilibus
438 3681 465 3733 P
485 3683 510 3746 (o
529 3697 550 3733 c.
571 3697 586 3732 a
600 3696 646 3748 pr.
667 3683 724 3747 1119)
775 3680 1003 3734 tauctoritatem
1022 3681 1049 3732 P
1067 3684 1105 3745 (ru
1125 3683 1206 3746 eras.)
1260 3683 1336 3734 liet

190 3769 228 3821 sie
251 3768 283 3821 T‘
355 3769 493 3822 hominum
516 3769 541 3821 T
612 3769 758 3821 humanum
777 3769 894 3838 inplicat
911 3785 943 3822 ear
961 3770 1207 3838 humanbplicatP
1257 3770 1336 3822 aaut

191 3859 306 3912 arbitror
324 3859 412 3911 iustae
431 3856 461 3911 N
534 3859 565 3911 13
585 3859 673 3911 nostri
693 3859 810 3927 corporis
829 3857 863 3910 N
927 3860 960 3911 15
980 3859 1097 3927 pedibus
1118 3862 1145 3911 et
1164 3858 1287 3911 manibus
1306 3858 1339 3925 N

192 3949 223 4001 16
242 3947 304 4000 ideo
325 3951 386 4012 (om.
408 3950 469 4014 que)
489 3946 516 3998 B
572 3946 605 3999 18
624 3945 826 4000 moriunturN
895 3947 985 3999 omnia
1004 3947 1124 3999 membra
1137 3947 1167 3998 N
1218 3947 1335 4000 1911111-

190 4063 299 4116 deratur
326 4063 426 4130 scripse*
449 4061 618 4114 desiderator
644 4062 669 4115 Τ
691 4028 901 4127 11111111111Ρ
924 4061 1057 4116 deseritur
1080 4063 1110 4114 T¹
1137 4062 1156 4130 11
1179 4079 1211 4116 aa:
1234 4068 1259 4129 a)
1279 4063 1336 4117 NB

190 4153 223 4205 23
244 4151 372 4205 animalia
390 4150 449 4203 ΝΒ
503 4151 537 4202 25
557 4150 627 4202 enirn
648 4151 675 4203 P
691 4149 720 4220 (n
739 4151 770 4203 a'a
788 4151 857 4217 aas.)

216 4277 309 4316 XXXII.
324 4278 402 4317 Ambr.
413 4285 466 4326 pars
476 4278 496 4324 1,
511 4273 567 4316 fasc.
582 4277 603 4316 1.
936 4287 939 4290 ⁴
1265 4260 1299 4312 28
