3008 4666
432 232 580 287 Exarueron
598 232 656 286 1111
673 234 699 293 4,
721 232 761 285 la.
782 232 814 285 16
852 232 876 303 (Ι
895 233 929 287 69
948 233 1042 286 Β-70
1060 232 1104 297 Δ).
1275 239 1338 302 123

190 426 311 491 inuitus
336 426 481 509 deponat,
506 428 538 489 et
562 426 717 491 eiusmodi
742 428 894 491 uirtutem
918 429 1041 491 malunt
1065 428 1139 493 uilis
1169 428 1336 493 animantis

190 536 320 598 naturae
344 533 494 615 deputare
519 552 612 615 quam
633 535 730 598 caelo.
751 534 833 598 unde
853 534 945 599 nobis
962 541 994 599 et
1013 536 1163 599 serenitas
1183 535 1287 618 fulget
1306 539 1337 600 et

189 639 302 721 pluuia
320 658 412 721 saepe
433 638 606 715 descendit,
626 639 802 703 laboriosos
823 645 854 703 et
872 640 1022 722 patieutis
1044 640 1165 704 seruitii
1186 659 1266 722 quos
1285 661 1337 705 na·

190 748 315 811 scentes
334 748 445 809 taurus
466 745 630 827 aspexerit,
651 745 725 826 quia
745 746 861 809 animal
880 746 1074 810 laboriosum
1094 745 1335 811 adsumendum

158 853 302 937 siugum
331 855 504 934 spontanea
533 851 680 915 seruituti
709 852 792 915 colla
816 852 940 929 subdat,
964 871 1183 936 percussorem
1209 857 1375 936 quoquell

189 959 281 1023 cuius
306 958 506 1023 natiuitatem
532 959 675 1040 scorpius
700 978 758 1022 sua
782 963 870 1040 parte
895 960 1063 1042 conplexus
1085 960 1127 1023 sit
1146 963 1177 1024 et
1195 960 1334 1023 malitiae

188 1086 311 1131 uenena
328 1069 555 1139 reuomentem,
577 1085 612 1130 eo
633 1066 717 1147 quod
736 1067 853 1131 animal
872 1070 1063 1131 uenenatum
1079 1068 1131 1132 sit.
1147 1067 1223 1148 quid
1237 1066 1335 1150 igitur

189 1174 411 1239 auctoritatem
430 1172 560 1237 uiuendi
580 1173 726 1237 daturum
745 1178 776 1237 te
797 1173 959 1256 signorum
980 1174 1165 1238 caelestium
1180 1173 1333 1257 dignitate

187 1279 368 1363 praetendis
401 1282 433 1343 et
467 1278 504 1342 de
537 1278 631 1362 nugis
665 1279 853 1360 quibusdam
886 1283 1107 1363 argumentum
1145 1279 1332 1344 adsensionis

144 1406 169 1445 ro
189 1386 357 1450 adsumis?
381 1405 453 1449 nam
477 1385 505 1448 si
529 1385 566 1448 de
590 1385 779 1450 animalibus
799 1386 985 1467 adsumptae
1005 1385 1190 1450 huiusmodi
1208 1406 1331 1450 morum

187 1492 396 1576 proprietates
425 1491 505 1555 caeli
532 1491 672 1555 motibus
702 1492 922 1573 inprimuntur,
947 1496 979 1557 et
1000 1493 1107 1573 ipsum
1130 1491 1258 1556 uidetur
1280 1493 1331 1557 be·

187 1598 291 1663 otialis
314 1598 445 1661 naturae
469 1596 619 1679 potestati
644 1615 713 1660 esse
737 1598 928 1675 subiectum,
955 1617 990 1661 ex
1010 1617 1071 1680 qua
1091 1616 1202 1661 causas
1221 1598 1371 1662 uitalisF

187 1704 395 1780 substantiae,
425 1722 502 1784 quas
531 1703 713 1769 hominibus
742 1703 915 1785 inpertiret,
946 1705 1077 1785 accepit.
1107 1705 1191 1785 quod
1219 1705 1246 1768 si
1272 1706 1330 1769 hoo

187 1810 334 1876 abhorret
375 1829 393 1873 a
433 1829 520 1886 uero,
559 1810 661 1873 multo
699 1810 800 1892 magis
836 1810 917 1874 illud
955 1810 1136 1885 ridiculum,
1171 1812 1239 1874 ueri
1276 1830 1329 1875 eos

142 1935 168 1977 ro
186 1916 330 1981 subsidio
360 1916 531 1980 destitutos
560 1915 633 1979 hinc
665 1916 760 1980 fidem
793 1935 868 1980 suae
902 1916 1127 2000 disputationis
1161 1936 1328 1982 arcessere.

100 2019 140 2084 16
187 2023 299 2087 deinde
326 2023 407 2087 illud
437 2022 683 2097 consideremus,
710 2022 793 2105 quod
817 2023 958 2104 planetas
983 2042 1019 2086 ea
1043 2023 1134 2107 signa
1157 2024 1327 2106 adpellant,

186 2150 321 2213 quorum
349 2130 488 2195 motibus
516 2130 644 2195 formari
672 2131 822 2194 adserunt
849 2129 934 2193 uitae
962 2132 1087 2195 nostrae
1111 2131 1327 2198 necessitates.

185 2238 255 2303 siue
283 2237 392 2321 igitur,
421 2239 457 2301 ut
486 2255 599 2300 nomen
629 2241 729 2313 sonat,
759 2256 883 2318 semper
909 2241 1074 2319 uagentur,
1104 2236 1184 2313 siue,
1207 2240 1244 2301 ut
1265 2237 1328 2320 ipsi

185 2344 305 2419 dicunt,
331 2342 414 2425 quod
439 2343 502 2407 cito
526 2346 616 2406 motu
640 2343 791 2420 ferantur,
811 2347 843 2407 et
862 2343 966 2407 decies
985 2343 1089 2406 milies
1109 2343 1139 2406 in
1160 2342 1243 2407 diem
1263 2346 1326 2420 aut,

140 2470 167 2509 ao
186 2451 213 2515 si
237 2451 297 2515 hoc
319 2449 504 2513 incredibile
528 2449 664 2523 uidetur,
688 2448 899 2531 multiplicem
923 2450 1062 2531 speciem
1085 2450 1249 2513 innumera
1277 2451 1328 2514 sui

185 2557 389 2622 conuersione
419 2558 624 2621 commutent.
652 2555 713 2619 fide
738 2559 824 2620 caret
848 2556 931 2636 quod
955 2561 1021 2620 tam
1044 2576 1126 2640 uago
1151 2557 1201 2621 sui
1225 2576 1326 2622 errore

184 2667 217 2728 et
238 2666 305 2727 tam
328 2662 421 2727 celeri
444 2666 534 2726 motu
557 2662 649 2726 tinam
673 2663 763 2726 nobis
788 2666 881 2744 atque
900 2663 1083 2727 inmobilem
1102 2663 1232 2727 uiuendi
1252 2665 1324 2728 sub·
1344 2673 1416 2728 7οΑ

184 2771 332 2835 stantiam
357 2771 538 2850 sortemque
563 2768 741 2832 decernant.
762 2769 867 2832 ferunt
885 2772 988 2832 tamen
1010 2789 1068 2834 non
1090 2787 1159 2833 esse
1179 2771 1326 2852 aequales

183 2876 324 2941 omnium
347 2878 465 2951 motus,
490 2874 545 2938 sed
570 2874 703 2938 aliorum
729 2874 902 2949 celeriores,
928 2875 1061 2938 aliomm
1084 2875 1236 2940 tardiores
1257 2895 1326 2940 esse

137 3002 164 3043 as
183 2982 347 3059 circuitus,
376 2985 413 3045 ut
440 2981 471 3043 in
501 2980 610 3044 eadem
639 2981 716 3045 hora
745 2984 777 3044 et
799 2981 930 3044 uideant
953 3001 986 3045 se
1010 2982 1191 3063 frequenter
1214 2988 1245 3046 et
1267 2983 1325 3047 fre-

182 3094 314 3170 quenter
336 3088 540 3163 abscondant,
566 3087 641 3151 dum
666 3087 751 3150 aliud
775 3087 812 3151 ab
838 3088 899 3152 alio
923 3088 1119 3169 praeteritur.

273 3296 305 3349 16
324 3295 387 3349 Bas.
409 3296 460 3349 132
479 3295 564 3348 B—I)
584 3296 629 3366 (56
648 3294 740 3361 A-C)

218 3419 231 3471 1
254 3418 385 3472 eiusmodi
404 3417 429 3469 Π
448 3418 603 3471 huiusmodi
622 3418 652 3471 N
700 3421 716 3472 2
737 3419 857 3488 fulgitdt
877 3422 930 3484 (·et
948 3419 1005 3488 rrr2)
1024 3419 1067 3472 Μ’
1116 3421 1132 3474 3
1152 3419 1326 3474 descinditO

182 3509 264 3573 (co-rr.
282 3512 340 3573 m3)
361 3506 496 3560 discendit
517 3508 542 3562 G
563 3511 643 3572 (corr.
663 3512 720 3575 m2)
794 3508 957 3561 laboriosius
974 3508 997 3560 (ἴ
1013 3508 1163 3562 laboriosus
1178 3509 1205 3561 P
1276 3526 1322 3577 pa·

180 3595 275 3648 tientis
294 3593 318 3645 Π
337 3596 472 3664 patientes
495 3596 576 3648 Gra?
595 3602 641 3649 cet.
709 3598 727 3648 4
746 3595 780 3648 ad
799 3596 958 3649 sumendum
978 3596 1071 3664 iugum
1091 3594 1114 3646 Π
1135 3600 1163 3648 et
1181 3595 1322 3649 adsuetum

180 3683 244 3752 iugo
263 3682 297 3736 N
383 3686 399 3736 ὁ
419 3685 550 3737 seruitute
570 3682 593 3734 Il
667 3684 767 3738 subdat
784 3685 882 3752 compsi
901 3684 1060 3738 subdentem
1079 3683 1238 3739 llurM‘Ms
1256 3691 1281 3738 et
1298 3686 1322 3741 a

182 3774 240 3836 (m2
258 3771 387 3838 subdens)
408 3773 528 3825 sumittit
547 3773 573 3824 B
628 3774 781 3841 bsoorpios
796 3773 855 3827 MS
924 3790 972 3825 sua
991 3771 1015 3823 Π
1035 3774 1062 3825 in
1082 3789 1130 3825 sua
1144 3773 1176 3825 N
1228 3773 1321 3826 ruad-

180 3863 268 3913 sumte
290 3859 314 3913 0
330 3859 469 3914 adsumtae
489 3861 558 3914 Pet
577 3864 656 3925 (corr.
676 3862 733 3930 m2)
755 3863 780 3915 G
836 3864 869 3915 14
888 3862 996 3915 aborret
1012 3860 1064 3913 CV
1080 3867 1104 3913 et
1123 3865 1202 3926 (corr.
1221 3865 1277 3926 ⁷122)
1296 3862 1322 3917 G

180 3947 276 4000 aborta
294 3949 322 4001 P
392 3966 436 4002 eos
457 3949 487 4000 N
504 3946 578 4002 eoll
658 3952 689 4003 19
710 3951 762 4003 cito
786 3951 861 4004 CGP
879 3951 982 4004 concito
1008 3949 1062 4001 VN
1133 3948 1221 4003 decies
1241 3950 1278 4003 N‘
1297 3961 1322 4005 et

179 4036 272 4087 maB
292 4036 383 4090 decem
404 4038 546 4090 Bmloet.
630 4037 700 4092 diem
721 4036 743 4087 ll
764 4047 788 4092 et
807 4040 843 4107 (m
864 4042 934 4106 cap.)
954 4038 989 4090 M
1008 4037 1050 4090 die
1071 4043 1117 4091 cet.
1182 4038 1216 4091 ‘20
1236 4040 1321 4094 credi·

179 4121 278 4175 bilell
332 4126 435 4179 asora
457 4125 505 4179 CP
