<?xml version="1.0" encoding="UTF-8"?>
<!DOCTYPE html PUBLIC "-//W3C//DTD XHTML 1.0 Transitional//EN"
    "http://www.w3.org/TR/xhtml1/DTD/xhtml1-transitional.dtd">
<html xmlns="http://www.w3.org/1999/xhtml" xml:lang="en" lang="en">
 <head>
  <title>
</title>
<meta http-equiv="Content-Type" content="text/html;charset=utf-8" />
  <meta name='ocr-system' content='tesseract 3.04.00' />
  <meta name='ocr-capabilities' content='ocr_page ocr_carea ocr_par ocr_line ocrx_word'/>
</head>
<body>
  <div class='ocr_page' id='page_1' title='image "./sanctiambrosiio00ambrgoog_0462.png"; bbox 0 0 3008 4666; ppageno 0'>
   <div class='ocr_carea' id='block_1_1' title="bbox 466 247 1327 318">
    <p class='ocr_par' dir='ltr' id='par_1_1' title="bbox 466 247 1327 318">
     <span class='ocr_line' id='line_1_1' title="bbox 466 247 1327 318; baseline 0.013 -18"><span class='ocrx_word' id='word_1_1' title='bbox 466 248 508 301; x_wconf 86' lang='lat' dir='ltr'>Do</span> <span class='ocrx_word' id='word_1_2' title='bbox 527 247 586 301; x_wconf 90' lang='lat' dir='ltr'>Noe</span> <span class='ocrx_word' id='word_1_3' title='bbox 607 249 648 313; x_wconf 89' lang='grc'>14,</span> <span class='ocrx_word' id='word_1_4' title='bbox 668 249 703 302; x_wconf 85' lang='grc'>49</span> <span class='ocrx_word' id='word_1_5' title='bbox 742 250 766 315; x_wconf 89' lang='grc' dir='ltr'>(Ι</span> <span class='ocrx_word' id='word_1_6' title='bbox 785 251 835 303; x_wconf 73' lang='grc'>247</span> <span class='ocrx_word' id='word_1_7' title='bbox 855 249 967 303; x_wconf 79' lang='lat' dir='ltr'>B-ala</span> <span class='ocrx_word' id='word_1_8' title='bbox 987 252 1030 316; x_wconf 89' lang='grc' dir='ltr'>Β).</span> <span class='ocrx_word' id='word_1_9' title='bbox 1263 256 1327 318; x_wconf 80' lang='grc'>447</span> 
     </span>
    </p>
   </div>
   <div class='ocr_carea' id='block_1_2' title="bbox 88 443 1423 3194">
    <p class='ocr_par' dir='ltr' id='par_1_2' title="bbox 88 443 1423 3194">
     <span class='ocr_line' id='line_1_2' title="bbox 180 443 1330 521; baseline 0.003 -14"><span class='ocrx_word' id='word_1_10' title='bbox 180 444 257 508; x_wconf 87' lang='lat' dir='ltr'>feeit</span> <span class='ocrx_word' id='word_1_11' title='bbox 281 444 453 521; x_wconf 82' lang='lat' dir='ltr'>exordium,</span> <span class='ocrx_word' id='word_1_12' title='bbox 483 444 544 507; x_wconf 93' lang='lat' dir='ltr'>nisi</span> <span class='ocrx_word' id='word_1_13' title='bbox 572 443 751 508; x_wconf 83' lang='lat' dir='ltr'><strong>inmanibus</strong></span> <span class='ocrx_word' id='word_1_14' title='bbox 781 444 906 509; x_wconf 83' lang='lat' dir='ltr'>delictis</span> <span class='ocrx_word' id='word_1_15' title='bbox 936 449 1022 510; x_wconf 88' lang='lat' dir='ltr'>esset</span> <span class='ocrx_word' id='word_1_16' title='bbox 1050 447 1200 511; x_wconf 77' lang='lat' dir='ltr'>offensus</span> <span class='ocrx_word' id='word_1_17' title='bbox 1235 448 1330 511; x_wconf 86' lang='lat' dir='ltr'>simul</span> 
     </span>
     <span class='ocr_line' id='line_1_3' title="bbox 180 550 1330 634; baseline 0.003 -20"><span class='ocrx_word' id='word_1_18' title='bbox 180 550 307 616; x_wconf 90' lang='lat' dir='ltr'>ueniam</span> <span class='ocrx_word' id='word_1_19' title='bbox 330 551 481 634; x_wconf 87' lang='lat' dir='ltr'>temporis</span> <span class='ocrx_word' id='word_1_20' title='bbox 506 553 538 614; x_wconf 90' lang='lat' dir='ltr'>et</span> <span class='ocrx_word' id='word_1_21' title='bbox 556 551 678 614; x_wconf 86' lang='lat' dir='ltr'>numeri</span> <span class='ocrx_word' id='word_1_22' title='bbox 704 551 783 615; x_wconf 91' lang='lat' dir='ltr'>ratio</span> <span class='ocrx_word' id='word_1_23' title='bbox 808 552 977 632; x_wconf 84' lang='lat' dir='ltr'>promittit,</span> <span class='ocrx_word' id='word_1_24' title='bbox 1002 553 1087 634; x_wconf 91' lang='lat' dir='ltr'>quod</span> <span class='ocrx_word' id='word_1_25' title='bbox 1111 553 1205 617; x_wconf 89' lang='lat' dir='ltr'>etiam</span> <span class='ocrx_word' id='word_1_26' title='bbox 1229 554 1330 618; x_wconf 88' lang='lat' dir='ltr'>iratus</span> 
     </span>
     <span class='ocr_line' id='line_1_4' title="bbox 180 657 1329 740; baseline 0.003 -18"><span class='ocrx_word' id='word_1_27' title='bbox 180 659 387 723; x_wconf 88' lang='lat' dir='ltr'>admoneatur</span> <span class='ocrx_word' id='word_1_28' title='bbox 414 661 480 722; x_wconf 91' lang='lat' dir='ltr'>tam</span> <span class='ocrx_word' id='word_1_29' title='bbox 508 657 770 740; x_wconf 79' lang='lat' dir='ltr'>praecedentibus</span> <span class='ocrx_word' id='word_1_30' title='bbox 801 659 905 722; x_wconf 85' lang='lat' dir='ltr'>nausis</span> <span class='ocrx_word' id='word_1_31' title='bbox 933 658 1158 723; x_wconf 86' lang='lat' dir='ltr'>beneficiorum</span> <span class='ocrx_word' id='word_1_32' title='bbox 1187 680 1329 739; x_wconf 84' lang='lat' dir='ltr'>suorum,</span> 
     </span>
     <span class='ocr_line' id='line_1_5' title="bbox 180 765 1327 850; baseline 0.004 -21"><span class='ocrx_word' id='word_1_33' title='bbox 180 769 301 829; x_wconf 89' lang='lat' dir='ltr'>utnon</span> <span class='ocrx_word' id='word_1_34' title='bbox 325 765 452 848; x_wconf 89' lang='lat' dir='ltr'>penitus</span> <span class='ocrx_word' id='word_1_35' title='bbox 477 765 581 828; x_wconf 80' lang='lat' dir='ltr'>deleat</span> <span class='ocrx_word' id='word_1_36' title='bbox 605 783 712 828; x_wconf 89' lang='lat' dir='ltr'>eorum</span> <span class='ocrx_word' id='word_1_37' title='bbox 742 765 953 829; x_wconf 77' lang='lat' dir='ltr'><strong>substantiam</strong></span> <span class='ocrx_word' id='word_1_38' title='bbox 982 786 1061 848; x_wconf 90' lang='lat' dir='ltr'>quos</span> <span class='ocrx_word' id='word_1_39' title='bbox 1090 767 1158 850; x_wconf 89' lang='lat' dir='ltr'>ipse</span> <span class='ocrx_word' id='word_1_40' title='bbox 1187 767 1327 834; x_wconf 91' lang='lat' dir='ltr'>donauit.</span> 
     </span>
     <span class='ocr_line' id='line_1_6' title="bbox 88 871 1328 957; baseline 0.002 -23"><span class='ocrx_word' id='word_1_41' title='bbox 88 871 161 935; x_wconf 70' lang='lat'>49⁶</span> <span class='ocrx_word' id='word_1_42' title='bbox 224 872 273 937; x_wconf 84' lang='lat' dir='ltr'>Et</span> <span class='ocrx_word' id='word_1_43' title='bbox 311 872 449 954; x_wconf 90' lang='lat' dir='ltr'>erupti</span> <span class='ocrx_word' id='word_1_44' title='bbox 487 874 582 935; x_wconf 90' lang='lat' dir='ltr'>sunt</span> <span class='ocrx_word' id='word_1_45' title='bbox 620 890 753 935; x_wconf 88' lang='lat' dir='ltr'>omnes</span> <span class='ocrx_word' id='word_1_46' title='bbox 790 872 927 936; x_wconf 88' lang='lat' dir='ltr'>fontes</span> <span class='ocrx_word' id='word_1_47' title='bbox 964 872 1104 957; x_wconf 81' lang='lat' dir='ltr'>abyssi</span> <span class='ocrx_word' id='word_1_48' title='bbox 1147 876 1186 937; x_wconf 89' lang='lat' dir='ltr'>et</span> <span class='ocrx_word' id='word_1_49' title='bbox 1227 876 1328 938; x_wconf 84' lang='lat' dir='ltr'>eata-</span> 
     </span>
     <span class='ocr_line' id='line_1_7' title="bbox 181 976 1329 1060; baseline 0.001 -20"><span class='ocrx_word' id='word_1_50' title='bbox 181 980 319 1042; x_wconf 87' lang='lat' dir='ltr'>raotae</span> <span class='ocrx_word' id='word_1_51' title='bbox 345 976 450 1042; x_wconf 87' lang='lat' dir='ltr'>oaeli</span> <span class='ocrx_word' id='word_1_52' title='bbox 474 980 639 1058; x_wconf 88' lang='lat' dir='ltr'>apertae</span> <span class='ocrx_word' id='word_1_53' title='bbox 664 980 769 1041; x_wconf 92' lang='lat' dir='ltr'>sunt.</span> <span class='ocrx_word' id='word_1_54' title='bbox 788 978 854 1041; x_wconf 90' lang='lat' dir='ltr'>nim</span> <span class='ocrx_word' id='word_1_55' title='bbox 875 978 989 1042; x_wconf 89' lang='lat' dir='ltr'>diluuii</span> <span class='ocrx_word' id='word_1_56' title='bbox 1008 979 1164 1060; x_wconf 83' lang='lat' dir='ltr'>scriptura</span> <span class='ocrx_word' id='word_1_57' title='bbox 1184 979 1329 1042; x_wconf 90' lang='lat' dir='ltr'>oonueni-</span> 
     </span>
     <span class='ocr_line' id='line_1_8' title="bbox 181 1083 1327 1167; baseline 0 -19"><span class='ocrx_word' id='word_1_58' title='bbox 181 1088 269 1148; x_wconf 81' lang='lat' dir='ltr'>enter</span> <span class='ocrx_word' id='word_1_59' title='bbox 292 1083 447 1165; x_wconf 81' lang='lat' dir='ltr'>expressit</span> <span class='ocrx_word' id='word_1_60' title='bbox 471 1083 577 1147; x_wconf 85' lang='lat' dir='ltr'>dicens</span> <span class='ocrx_word' id='word_1_61' title='bbox 604 1083 726 1148; x_wconf 87' lang='lat' dir='ltr'>eaelum</span> <span class='ocrx_word' id='word_1_62' title='bbox 751 1088 782 1148; x_wconf 90' lang='lat' dir='ltr'>et</span> <span class='ocrx_word' id='word_1_63' title='bbox 801 1086 915 1148; x_wconf 83' lang='lat' dir='ltr'>ternam</span> <span class='ocrx_word' id='word_1_64' title='bbox 934 1085 1052 1167; x_wconf 86' lang='lat' dir='ltr'>pariter·</span> <span class='ocrx_word' id='word_1_65' title='bbox 1071 1104 1140 1150; x_wconf 89' lang='lat' dir='ltr'>esse</span> <span class='ocrx_word' id='word_1_66' title='bbox 1160 1090 1327 1161; x_wconf 74' lang='lat' dir='ltr'>commota,</span> 
     </span>
     <span class='ocr_line' id='line_1_9' title="bbox 181 1191 1378 1273; baseline 0.004 -19"><span class='ocrx_word' id='word_1_67' title='bbox 181 1210 218 1255; x_wconf 84' lang='lat' dir='ltr'>ex</span> <span class='ocrx_word' id='word_1_68' title='bbox 246 1191 362 1273; x_wconf 88' lang='lat' dir='ltr'>quibus</span> <span class='ocrx_word' id='word_1_69' title='bbox 391 1191 555 1255; x_wconf 89' lang='lat' dir='ltr'>elementis</span> <span class='ocrx_word' id='word_1_70' title='bbox 585 1192 709 1254; x_wconf 84' lang='lat' dir='ltr'>constat</span> <span class='ocrx_word' id='word_1_71' title='bbox 735 1191 831 1255; x_wconf 92' lang='lat' dir='ltr'>istius</span> <span class='ocrx_word' id='word_1_72' title='bbox 864 1192 974 1255; x_wconf 93' lang='lat' dir='ltr'>mundi</span> <span class='ocrx_word' id='word_1_73' title='bbox 1007 1211 1098 1256; x_wconf 92' lang='lat' dir='ltr'>omne</span> <span class='ocrx_word' id='word_1_74' title='bbox 1128 1192 1326 1273; x_wconf 79' lang='lat' dir='ltr'>principium.</span> <span class='ocrx_word' id='word_1_75' title='bbox 1356 1207 1378 1259; x_wconf 79' lang='lat' dir='ltr'>F</span> 
     </span>
     <span class='ocr_line' id='line_1_10' title="bbox 180 1296 1328 1382; baseline 0.002 -22"><span class='ocrx_word' id='word_1_76' title='bbox 180 1297 319 1380; x_wconf 91' lang='lat' dir='ltr'>undique</span> <span class='ocrx_word' id='word_1_77' title='bbox 350 1316 424 1380; x_wconf 83' lang='lat' dir='ltr'>ergo</span> <span class='ocrx_word' id='word_1_78' title='bbox 447 1296 654 1361; x_wconf 87' lang='lat' dir='ltr'>influentibus</span> <span class='ocrx_word' id='word_1_79' title='bbox 680 1317 832 1378; x_wconf 90' lang='lat' dir='ltr'>aquamm</span> <span class='ocrx_word' id='word_1_80' title='bbox 855 1298 994 1362; x_wconf 93' lang='lat' dir='ltr'>molibus</span> <span class='ocrx_word' id='word_1_81' title='bbox 1019 1298 1204 1363; x_wconf 86' lang='lat' dir='ltr'>oonelusum</span> <span class='ocrx_word' id='word_1_82' title='bbox 1229 1317 1328 1382; x_wconf 86' lang='lat' dir='ltr'>genus</span> 
     </span>
     <span class='ocr_line' id='line_1_11' title="bbox 136 1404 1327 1488; baseline 0.003 -25"><span class='ocrx_word' id='word_1_83' title='bbox 136 1425 162 1463; x_wconf 82' lang='grc' dir='ltr'>ιο</span> <span class='ocrx_word' id='word_1_84' title='bbox 181 1405 346 1468; x_wconf 90' lang='lat' dir='ltr'>hominum</span> <span class='ocrx_word' id='word_1_85' title='bbox 369 1407 567 1488; x_wconf 85' lang='lat' dir='ltr'>perurgetur.</span> <span class='ocrx_word' id='word_1_86' title='bbox 592 1405 669 1468; x_wconf 86' lang='lat' dir='ltr'>haee</span> <span class='ocrx_word' id='word_1_87' title='bbox 690 1405 863 1469; x_wconf 87' lang='lat' dir='ltr'>seeundum</span> <span class='ocrx_word' id='word_1_88' title='bbox 883 1406 1034 1469; x_wconf 85' lang='lat' dir='ltr'>litteram.</span> <span class='ocrx_word' id='word_1_89' title='bbox 1059 1405 1142 1486; x_wconf 91' lang='lat' dir='ltr'>quod</span> <span class='ocrx_word' id='word_1_90' title='bbox 1162 1409 1268 1469; x_wconf 88' lang='lat' dir='ltr'>autem</span> <span class='ocrx_word' id='word_1_91' title='bbox 1290 1404 1327 1467; x_wconf 92' lang='lat' dir='ltr'>ad</span> 
     </span>
     <span class='ocr_line' id='line_1_12' title="bbox 180 1511 1328 1595; baseline 0.001 -21"><span class='ocrx_word' id='word_1_92' title='bbox 180 1512 323 1576; x_wconf 88' lang='lat' dir='ltr'>altiorem</span> <span class='ocrx_word' id='word_1_93' title='bbox 348 1511 485 1595; x_wconf 85' lang='lat' dir='ltr'>pertinet</span> <span class='ocrx_word' id='word_1_94' title='bbox 509 1530 649 1589; x_wconf 89' lang='lat' dir='ltr'>sensum,</span> <span class='ocrx_word' id='word_1_95' title='bbox 674 1511 754 1575; x_wconf 87' lang='lat' dir='ltr'>oaeli</span> <span class='ocrx_word' id='word_1_96' title='bbox 778 1512 921 1594; x_wconf 88' lang='lat' dir='ltr'>symbolo</span> <span class='ocrx_word' id='word_1_97' title='bbox 950 1531 1038 1576; x_wconf 92' lang='lat' dir='ltr'>mens</span> <span class='ocrx_word' id='word_1_98' title='bbox 1067 1512 1204 1575; x_wconf 88' lang='lat' dir='ltr'>humana</span> <span class='ocrx_word' id='word_1_99' title='bbox 1233 1513 1328 1595; x_wconf 85' lang='lat' dir='ltr'>signi-</span> 
     </span>
     <span class='ocr_line' id='line_1_13' title="bbox 178 1616 1328 1702; baseline 0.003 -23"><span class='ocrx_word' id='word_1_100' title='bbox 178 1616 302 1695; x_wconf 75' lang='lat' dir='ltr'>ficatur,</span> <span class='ocrx_word' id='word_1_101' title='bbox 335 1621 437 1681; x_wconf 86' lang='lat' dir='ltr'>terrae</span> <span class='ocrx_word' id='word_1_102' title='bbox 468 1621 574 1681; x_wconf 91' lang='lat' dir='ltr'>autem</span> <span class='ocrx_word' id='word_1_103' title='bbox 609 1617 819 1700; x_wconf 79' lang='lat' dir='ltr'>appellatione</span> <span class='ocrx_word' id='word_1_104' title='bbox 853 1637 967 1699; x_wconf 84' lang='lat' dir='ltr'>eorpus</span> <span class='ocrx_word' id='word_1_105' title='bbox 997 1621 1028 1682; x_wconf 93' lang='lat' dir='ltr'>et</span> <span class='ocrx_word' id='word_1_106' title='bbox 1057 1638 1179 1682; x_wconf 90' lang='lat' dir='ltr'>sensus.</span> <span class='ocrx_word' id='word_1_107' title='bbox 1213 1639 1328 1702; x_wconf 81' lang='lat' dir='ltr'>magna</span> 
     </span>
     <span class='ocr_line' id='line_1_14' title="bbox 178 1723 1327 1808; baseline 0 -22"><span class='ocrx_word' id='word_1_108' title='bbox 178 1723 278 1807; x_wconf 84' lang='lat' dir='ltr'>igitur</span> <span class='ocrx_word' id='word_1_109' title='bbox 300 1724 474 1808; x_wconf 78' lang='lat' dir='ltr'>naufragia.</span> <span class='ocrx_word' id='word_1_110' title='bbox 500 1724 622 1805; x_wconf 88' lang='lat' dir='ltr'>quando</span> <span class='ocrx_word' id='word_1_111' title='bbox 646 1724 764 1788; x_wconf 88' lang='lat' dir='ltr'>mentis</span> <span class='ocrx_word' id='word_1_112' title='bbox 787 1725 905 1806; x_wconf 85' lang='lat' dir='ltr'>pariter</span> <span class='ocrx_word' id='word_1_113' title='bbox 933 1728 965 1788; x_wconf 91' lang='lat' dir='ltr'>et</span> <span class='ocrx_word' id='word_1_114' title='bbox 993 1725 1133 1807; x_wconf 89' lang='lat' dir='ltr'>eorporis</span> <span class='ocrx_word' id='word_1_115' title='bbox 1163 1744 1327 1789; x_wconf 89' lang='lat' dir='ltr'>sensuum-</span> 
     </span>
     <span class='ocr_line' id='line_1_15' title="bbox 180 1830 1327 1914; baseline 0.002 -22"><span class='ocrx_word' id='word_1_116' title='bbox 180 1849 240 1911; x_wconf 90' lang='lat' dir='ltr'>que</span> <span class='ocrx_word' id='word_1_117' title='bbox 278 1831 418 1894; x_wconf 87' lang='lat' dir='ltr'>omniurn</span> <span class='ocrx_word' id='word_1_118' title='bbox 455 1830 549 1895; x_wconf 91' lang='lat' dir='ltr'>turbo</span> <span class='ocrx_word' id='word_1_119' title='bbox 584 1834 615 1894; x_wconf 93' lang='lat' dir='ltr'>et</span> <span class='ocrx_word' id='word_1_120' title='bbox 647 1831 787 1912; x_wconf 84' lang='lat' dir='ltr'>procella</span> <span class='ocrx_word' id='word_1_121' title='bbox 818 1831 1002 1895; x_wconf 84' lang='lat' dir='ltr'>miscentur.</span> <span class='ocrx_word' id='word_1_122' title='bbox 1041 1831 1211 1914; x_wconf 83' lang='lat' dir='ltr'>diligenter</span> <span class='ocrx_word' id='word_1_123' title='bbox 1243 1832 1327 1894; x_wconf 85' lang='lat' dir='ltr'>dieta</span> 
     </span>
     <span class='ocr_line' id='line_1_16' title="bbox 135 1937 1327 2020; baseline 0.008 -26"><span class='ocrx_word' id='word_1_124' title='bbox 135 1956 358 2018; x_wconf 73' lang='lat' dir='ltr'>repensemus.</span> <span class='ocrx_word' id='word_1_125' title='bbox 392 1937 579 2020; x_wconf 90' lang='lat' dir='ltr'>plerumque</span> <span class='ocrx_word' id='word_1_126' title='bbox 612 1937 698 2000; x_wconf 85' lang='lat' dir='ltr'>fraus</span> <span class='ocrx_word' id='word_1_127' title='bbox 733 1938 849 2001; x_wconf 91' lang='lat' dir='ltr'>mentis</span> <span class='ocrx_word' id='word_1_128' title='bbox 880 1941 912 2001; x_wconf 89' lang='lat' dir='ltr'>et</span> <span class='ocrx_word' id='word_1_129' title='bbox 940 1937 1032 2002; x_wconf 87' lang='lat' dir='ltr'>dolus</span> <span class='ocrx_word' id='word_1_130' title='bbox 1061 1957 1155 2000; x_wconf 89' lang='lat' dir='ltr'>suum</span> <span class='ocrx_word' id='word_1_131' title='bbox 1184 1943 1327 2004; x_wconf 82' lang='lat' dir='ltr'>exercent</span> 
     </span>
     <span class='ocr_line' id='line_1_17' title="bbox 177 2043 1327 2149; baseline 0.002 -43"><span class='ocrx_word' id='word_1_132' title='bbox 177 2062 346 2120; x_wconf 74' lang='lat' dir='ltr'>uenenum,</span> <span class='ocrx_word' id='word_1_133' title='bbox 363 2044 426 2149; x_wconf 68' lang='lat' dir='ltr'>sed</span> <span class='ocrx_word' id='word_1_134' title='bbox 433 2046 539 2107; x_wconf 93' lang='lat' dir='ltr'>tamen</span> <span class='ocrx_word' id='word_1_135' title='bbox 555 2043 710 2107; x_wconf 88' lang='lat' dir='ltr'>sobrietas</span> <span class='ocrx_word' id='word_1_136' title='bbox 728 2043 866 2126; x_wconf 86' lang='lat' dir='ltr'>eorporis</span> <span class='ocrx_word' id='word_1_137' title='bbox 882 2046 914 2107; x_wconf 90' lang='lat' dir='ltr'>et</span> <span class='ocrx_word' id='word_1_138' title='bbox 928 2043 1123 2107; x_wconf 83' lang='lat' dir='ltr'>continentia</span> <span class='ocrx_word' id='word_1_139' title='bbox 1138 2045 1327 2108; x_wconf 90' lang='lat' dir='ltr'>obumbrant</span> 
     </span>
     <span class='ocr_line' id='line_1_18' title="bbox 177 2149 1325 2233; baseline 0.001 -20"><span class='ocrx_word' id='word_1_140' title='bbox 177 2150 293 2214; x_wconf 89' lang='lat' dir='ltr'>mentis</span> <span class='ocrx_word' id='word_1_141' title='bbox 316 2149 564 2233; x_wconf 89' lang='lat' dir='ltr'>improbitatem.</span> <span class='ocrx_word' id='word_1_142' title='bbox 589 2152 768 2232; x_wconf 81' lang='lat' dir='ltr'>frequenter</span> <span class='ocrx_word' id='word_1_143' title='bbox 795 2150 914 2214; x_wconf 80' lang='lat' dir='ltr'>incerto</span> <span class='ocrx_word' id='word_1_144' title='bbox 943 2150 1016 2214; x_wconf 90' lang='lat' dir='ltr'>fidei</span> <span class='ocrx_word' id='word_1_145' title='bbox 1046 2154 1140 2231; x_wconf 88' lang='lat' dir='ltr'>atque</span> <span class='ocrx_word' id='word_1_146' title='bbox 1169 2151 1325 2231; x_wconf 90' lang='lat' dir='ltr'>opinionis</span> 
     </span>
     <span class='ocr_line' id='line_1_19' title="bbox 179 2257 1423 2335; baseline 0.004 -15"><span class='ocrx_word' id='word_1_147' title='bbox 179 2277 255 2321; x_wconf 91' lang='lat' dir='ltr'>suae</span> <span class='ocrx_word' id='word_1_148' title='bbox 284 2276 372 2320; x_wconf 89' lang='lat' dir='ltr'>mens</span> <span class='ocrx_word' id='word_1_149' title='bbox 400 2257 524 2321; x_wconf 85' lang='lat' dir='ltr'>lubrica</span> <span class='ocrx_word' id='word_1_150' title='bbox 557 2260 615 2335; x_wconf 83' lang='lat' dir='ltr'>est,</span> <span class='ocrx_word' id='word_1_151' title='bbox 650 2257 705 2320; x_wconf 88' lang='lat' dir='ltr'>sed</span> <span class='ocrx_word' id='word_1_152' title='bbox 738 2259 842 2320; x_wconf 89' lang='lat' dir='ltr'>tamen</span> <span class='ocrx_word' id='word_1_153' title='bbox 878 2276 947 2320; x_wconf 88' lang='lat' dir='ltr'>earo</span> <span class='ocrx_word' id='word_1_154' title='bbox 982 2257 1103 2321; x_wconf 86' lang='lat' dir='ltr'>deliciis</span> <span class='ocrx_word' id='word_1_155' title='bbox 1138 2260 1170 2320; x_wconf 93' lang='lat' dir='ltr'>et</span> <span class='ocrx_word' id='word_1_156' title='bbox 1201 2258 1423 2325; x_wconf 73' lang='lat' dir='ltr'>luxuriaalssn</span> 
     </span>
     <span class='ocr_line' id='line_1_20' title="bbox 177 2363 1326 2448; baseline 0 -20"><span class='ocrx_word' id='word_1_157' title='bbox 177 2366 282 2440; x_wconf 77' lang='lat' dir='ltr'>uacat,</span> <span class='ocrx_word' id='word_1_158' title='bbox 306 2367 344 2427; x_wconf 90' lang='lat' dir='ltr'>ut</span> <span class='ocrx_word' id='word_1_159' title='bbox 365 2363 532 2448; x_wconf 83' lang='lat' dir='ltr'>frugalitas</span> <span class='ocrx_word' id='word_1_160' title='bbox 558 2383 693 2427; x_wconf 88' lang='lat' dir='ltr'>errorem</span> <span class='ocrx_word' id='word_1_161' title='bbox 717 2363 834 2426; x_wconf 84' lang='lat' dir='ltr'>mentis</span> <span class='ocrx_word' id='word_1_162' title='bbox 859 2367 996 2440; x_wconf 79' lang='lat' dir='ltr'>excuset,</span> <span class='ocrx_word' id='word_1_163' title='bbox 1022 2363 1105 2427; x_wconf 87' lang='lat' dir='ltr'>siout</span> <span class='ocrx_word' id='word_1_164' title='bbox 1128 2364 1222 2427; x_wconf 90' lang='lat' dir='ltr'>multi</span> <span class='ocrx_word' id='word_1_165' title='bbox 1251 2368 1326 2428; x_wconf 91' lang='lat' dir='ltr'>sunt</span> 
     </span>
     <span class='ocr_line' id='line_1_21' title="bbox 132 2470 1326 2552; baseline 0.005 -24"><span class='ocrx_word' id='word_1_166' title='bbox 132 2491 159 2529; x_wconf 78' lang='lat' dir='ltr'>ao</span> <span class='ocrx_word' id='word_1_167' title='bbox 177 2470 419 2548; x_wconf 84' lang='lat' dir='ltr'>haeretieorum,</span> <span class='ocrx_word' id='word_1_168' title='bbox 444 2470 498 2552; x_wconf 88' lang='lat' dir='ltr'>qui</span> <span class='ocrx_word' id='word_1_169' title='bbox 521 2470 724 2552; x_wconf 88' lang='lat' dir='ltr'>praetendere</span> <span class='ocrx_word' id='word_1_170' title='bbox 746 2470 857 2534; x_wconf 91' lang='lat' dir='ltr'>uolunt</span> <span class='ocrx_word' id='word_1_171' title='bbox 876 2471 1016 2552; x_wconf 89' lang='lat' dir='ltr'>eorporis</span> <span class='ocrx_word' id='word_1_172' title='bbox 1036 2471 1269 2547; x_wconf 77' lang='lat' dir='ltr'>continentiam,</span> <span class='ocrx_word' id='word_1_173' title='bbox 1289 2476 1326 2534; x_wconf 91' lang='lat' dir='ltr'>ut</span> 
     </span>
     <span class='ocr_line' id='line_1_22' title="bbox 178 2576 1325 2660; baseline -0.001 -20"><span class='ocrx_word' id='word_1_174' title='bbox 178 2577 348 2641; x_wconf 89' lang='lat' dir='ltr'>adsertioni</span> <span class='ocrx_word' id='word_1_175' title='bbox 373 2596 449 2641; x_wconf 89' lang='lat' dir='ltr'>snae</span> <span class='ocrx_word' id='word_1_176' title='bbox 473 2576 568 2640; x_wconf 89' lang='lat' dir='ltr'>fidem</span> <span class='ocrx_word' id='word_1_177' title='bbox 591 2577 775 2640; x_wconf 88' lang='lat' dir='ltr'>testimonio</span> <span class='ocrx_word' id='word_1_178' title='bbox 801 2577 922 2640; x_wconf 90' lang='lat' dir='ltr'>sobriae</span> <span class='ocrx_word' id='word_1_179' title='bbox 943 2577 1043 2641; x_wconf 89' lang='lat' dir='ltr'>earnis</span> <span class='ocrx_word' id='word_1_180' title='bbox 1064 2577 1238 2660; x_wconf 87' lang='lat' dir='ltr'>adquirant.</span> <span class='ocrx_word' id='word_1_181' title='bbox 1265 2577 1325 2641; x_wconf 88' lang='lat' dir='ltr'>etsi</span> 
     </span>
     <span class='ocr_line' id='line_1_23' title="bbox 178 2683 1325 2766; baseline -0.002 -19"><span class='ocrx_word' id='word_1_182' title='bbox 178 2702 274 2748; x_wconf 89' lang='lat' dir='ltr'>sensu</span> <span class='ocrx_word' id='word_1_183' title='bbox 301 2683 426 2761; x_wconf 84' lang='lat' dir='ltr'>lubrici,</span> <span class='ocrx_word' id='word_1_184' title='bbox 455 2686 560 2747; x_wconf 92' lang='lat' dir='ltr'>tamen</span> <span class='ocrx_word' id='word_1_185' title='bbox 589 2704 651 2766; x_wconf 90' lang='lat' dir='ltr'>quo</span> <span class='ocrx_word' id='word_1_186' title='bbox 680 2685 785 2747; x_wconf 87' lang='lat' dir='ltr'>minus</span> <span class='ocrx_word' id='word_1_187' title='bbox 813 2687 921 2766; x_wconf 89' lang='lat' dir='ltr'>turpes</span> <span class='ocrx_word' id='word_1_188' title='bbox 950 2684 1110 2765; x_wconf 88' lang='lat' dir='ltr'>aliquanto</span> <span class='ocrx_word' id='word_1_189' title='bbox 1140 2684 1325 2748; x_wconf 80' lang='lat' dir='ltr'>excusabili-</span> 
     </span>
     <span class='ocr_line' id='line_1_24' title="bbox 178 2789 1325 2873; baseline -0.001 -19"><span class='ocrx_word' id='word_1_190' title='bbox 178 2809 246 2855; x_wconf 87' lang='lat' dir='ltr'>ores</span> <span class='ocrx_word' id='word_1_191' title='bbox 266 2791 430 2855; x_wconf 89' lang='lat' dir='ltr'>habentur.</span> <span class='ocrx_word' id='word_1_192' title='bbox 456 2809 528 2854; x_wconf 81' lang='lat' dir='ltr'>oram</span> <span class='ocrx_word' id='word_1_193' title='bbox 549 2793 655 2854; x_wconf 87' lang='lat' dir='ltr'>autem</span> <span class='ocrx_word' id='word_1_194' title='bbox 674 2810 795 2854; x_wconf 89' lang='lat' dir='ltr'>uenena</span> <span class='ocrx_word' id='word_1_195' title='bbox 813 2790 927 2853; x_wconf 90' lang='lat' dir='ltr'>mentis</span> <span class='ocrx_word' id='word_1_196' title='bbox 949 2792 980 2853; x_wconf 89' lang='lat' dir='ltr'>et</span> <span class='ocrx_word' id='word_1_197' title='bbox 999 2789 1143 2873; x_wconf 79' lang='lat' dir='ltr'>contagia</span> <span class='ocrx_word' id='word_1_198' title='bbox 1158 2808 1325 2872; x_wconf 83' lang='lat' dir='ltr'>corporeae</span> 
     </span>
     <span class='ocr_line' id='line_1_25' title="bbox 178 2896 1325 2979; baseline -0.002 -17"><span class='ocrx_word' id='word_1_199' title='bbox 178 2897 383 2962; x_wconf 86' lang='lat' dir='ltr'>obscenitatis</span> <span class='ocrx_word' id='word_1_200' title='bbox 422 2916 549 2961; x_wconf 91' lang='lat' dir='ltr'>sensum</span> <span class='ocrx_word' id='word_1_201' title='bbox 587 2916 712 2960; x_wconf 89' lang='lat' dir='ltr'>omnem</span> <span class='ocrx_word' id='word_1_202' title='bbox 749 2897 956 2979; x_wconf 86' lang='lat' dir='ltr'>uigoremque</span> <span class='ocrx_word' id='word_1_203' title='bbox 994 2896 1189 2960; x_wconf 79' lang='lat' dir='ltr'>confundunt</span> <span class='ocrx_word' id='word_1_204' title='bbox 1230 2900 1325 2978; x_wconf 88' lang='lat' dir='ltr'>atque</span> 
     </span>
     <span class='ocr_line' id='line_1_26' title="bbox 133 3002 1372 3080; baseline 0.003 -16"><span class='ocrx_word' id='word_1_205' title='bbox 133 3022 159 3064; x_wconf 79' lang='lat' dir='ltr'>aa</span> <span class='ocrx_word' id='word_1_206' title='bbox 178 3002 301 3067; x_wconf 89' lang='lat' dir='ltr'>animus</span> <span class='ocrx_word' id='word_1_207' title='bbox 332 3004 452 3067; x_wconf 82' lang='lat' dir='ltr'>incerto</span> <span class='ocrx_word' id='word_1_208' title='bbox 483 3004 627 3067; x_wconf 84' lang='lat' dir='ltr'>lubricus</span> <span class='ocrx_word' id='word_1_209' title='bbox 659 3005 759 3080; x_wconf 80' lang='lat' dir='ltr'>motu,</span> <span class='ocrx_word' id='word_1_210' title='bbox 792 3003 932 3067; x_wconf 88' lang='lat' dir='ltr'>malitiae</span> <span class='ocrx_word' id='word_1_211' title='bbox 965 3003 1103 3068; x_wconf 86' lang='lat' dir='ltr'>saetidus</span> <span class='ocrx_word' id='word_1_212' title='bbox 1136 3006 1322 3080; x_wconf 78' lang='lat' dir='ltr'>atramento,</span> <span class='ocrx_word' id='word_1_213' title='bbox 1350 3026 1372 3078; x_wconf 79' lang='grc' dir='ltr'>Β</span> 
     </span>
     <span class='ocr_line' id='line_1_27' title="bbox 178 3110 1322 3194; baseline 0.002 -23"><span class='ocrx_word' id='word_1_214' title='bbox 178 3110 375 3175; x_wconf 81' lang='lat' dir='ltr'>arradelitatis</span> <span class='ocrx_word' id='word_1_215' title='bbox 403 3111 507 3174; x_wconf 89' lang='lat' dir='ltr'>furore</span> <span class='ocrx_word' id='word_1_216' title='bbox 537 3129 709 3174; x_wconf 89' lang='lat' dir='ltr'>suoeensus</span> <span class='ocrx_word' id='word_1_217' title='bbox 735 3111 831 3173; x_wconf 91' lang='lat' dir='ltr'>etiam</span> <span class='ocrx_word' id='word_1_218' title='bbox 855 3111 1074 3193; x_wconf 86' lang='lat' dir='ltr'>corporalibus·</span> <span class='ocrx_word' id='word_1_219' title='bbox 1093 3110 1224 3194; x_wconf 84' lang='lat' dir='ltr'>flagitiis</span> <span class='ocrx_word' id='word_1_220' title='bbox 1249 3111 1322 3175; x_wconf 85' lang='lat' dir='ltr'>inei-</span> 
     </span>
    </p>
   </div>
   <div class='ocr_carea' id='block_1_3' title="bbox 267 3386 800 3451">
    <p class='ocr_par' dir='ltr' id='par_1_3' title="bbox 267 3386 800 3451">
     <span class='ocr_line' id='line_1_28' title="bbox 267 3386 800 3451; baseline -0.006 -9"><span class='ocrx_word' id='word_1_221' title='bbox 267 3389 283 3442; x_wconf 85' lang='lat'>5</span> <span class='ocrx_word' id='word_1_222' title='bbox 304 3387 370 3444; x_wconf 83' lang='lat' dir='ltr'>Gen.</span> <span class='ocrx_word' id='word_1_223' title='bbox 391 3389 414 3450; x_wconf 83' lang='lat'>7,</span> <span class='ocrx_word' id='word_1_224' title='bbox 436 3389 466 3440; x_wconf 90' lang='lat' dir='ltr'>ll</span> <span class='ocrx_word' id='word_1_225' title='bbox 489 3387 567 3440; x_wconf 85' lang='lat' dir='ltr'>Philo</span> <span class='ocrx_word' id='word_1_226' title='bbox 589 3386 699 3451; x_wconf 80' lang='lat' dir='ltr'>Quaest.</span> <span class='ocrx_word' id='word_1_227' title='bbox 719 3387 747 3439; x_wconf 94' lang='lat' dir='ltr'>Il</span> <span class='ocrx_word' id='word_1_228' title='bbox 768 3388 800 3440; x_wconf 82' lang='lat'>18</span> 
     </span>
    </p>
   </div>
   <div class='ocr_carea' id='block_1_4' title="bbox 177 3528 1326 4217">
    <p class='ocr_par' dir='ltr' id='par_1_4' title="bbox 214 3528 1323 3599">
     <span class='ocr_line' id='line_1_29' title="bbox 214 3528 1323 3599; baseline 0.001 -18"><span class='ocrx_word' id='word_1_229' title='bbox 214 3529 231 3581; x_wconf 88' lang='grc'><strong>4</strong></span> <span class='ocrx_word' id='word_1_230' title='bbox 250 3529 375 3598; x_wconf 86' lang='lat' dir='ltr'>paenitus</span> <span class='ocrx_word' id='word_1_231' title='bbox 394 3529 421 3581; x_wconf 93' lang='lat' dir='ltr'><em>P</em></span> <span class='ocrx_word' id='word_1_232' title='bbox 474 3532 490 3583; x_wconf 87' lang='grc'>5</span> <span class='ocrx_word' id='word_1_233' title='bbox 510 3529 599 3599; x_wconf 88' lang='lat' dir='ltr'>erupti</span> <span class='ocrx_word' id='word_1_234' title='bbox 617 3529 698 3582; x_wconf 86' lang='lat' dir='ltr'>PTB</span> <span class='ocrx_word' id='word_1_235' title='bbox 717 3535 742 3582; x_wconf 85' lang='lat' dir='ltr'>et</span> <span class='ocrx_word' id='word_1_236' title='bbox 762 3533 787 3595; x_wconf 85' lang='lat' dir='ltr'>(e</span> <span class='ocrx_word' id='word_1_237' title='bbox 806 3533 886 3594; x_wconf 78' lang='lat' dir='ltr'>erae.)</span> <span class='ocrx_word' id='word_1_238' title='bbox 905 3528 938 3583; x_wconf 81' lang='lat' dir='ltr'>T‘</span> <span class='ocrx_word' id='word_1_239' title='bbox 952 3530 1026 3598; x_wconf 88' lang='lat' dir='ltr'>rupti</span> <span class='ocrx_word' id='word_1_240' title='bbox 1041 3534 1096 3592; x_wconf 81' lang='lat' dir='ltr'>eet,</span> <span class='ocrx_word' id='word_1_241' title='bbox 1113 3531 1148 3597; x_wconf 83' lang='lat' dir='ltr'>cf.</span> <span class='ocrx_word' id='word_1_242' title='bbox 1158 3547 1188 3597; x_wconf 79' lang='lat' dir='ltr'>p.</span> <span class='ocrx_word' id='word_1_243' title='bbox 1207 3532 1274 3593; x_wconf 78' lang='lat'>454,</span> <span class='ocrx_word' id='word_1_244' title='bbox 1288 3533 1323 3582; x_wconf 87' lang='grc'>13</span> 
     </span>
    </p>

    <p class='ocr_par' dir='ltr' id='par_1_5' title="bbox 177 3618 1326 4217">
     <span class='ocr_line' id='line_1_30' title="bbox 215 3618 1320 3688; baseline 0 -17"><span class='ocrx_word' id='word_1_245' title='bbox 215 3620 367 3671; x_wconf 79' lang='lat' dir='ltr'>catarectae</span> <span class='ocrx_word' id='word_1_246' title='bbox 386 3619 413 3671; x_wconf 92' lang='lat' dir='ltr'><strong><em>P</em></strong></span> <span class='ocrx_word' id='word_1_247' title='bbox 431 3621 582 3671; x_wconf 85' lang='lat' dir='ltr'>cataractae</span> <span class='ocrx_word' id='word_1_248' title='bbox 601 3619 632 3672; x_wconf 90' lang='lat' dir='ltr'><strong><em>N</em></strong></span> <span class='ocrx_word' id='word_1_249' title='bbox 653 3618 681 3688; x_wconf 84' lang='lat' dir='ltr'>(a</span> <span class='ocrx_word' id='word_1_250' title='bbox 704 3623 762 3671; x_wconf 82' lang='lat' dir='ltr'>tert.</span> <span class='ocrx_word' id='word_1_251' title='bbox 787 3619 818 3670; x_wconf 73' lang='lat' dir='ltr'>aba</span> <span class='ocrx_word' id='word_1_252' title='bbox 836 3634 893 3673; x_wconf 81' lang='lat' dir='ltr'>ras.</span> <span class='ocrx_word' id='word_1_253' title='bbox 914 3622 971 3678; x_wconf 71' lang='lat' dir='ltr'>mSt</span> <span class='ocrx_word' id='word_1_254' title='bbox 1081 3618 1097 3670; x_wconf 89' lang='lat'><em>8</em></span> <span class='ocrx_word' id='word_1_255' title='bbox 1118 3635 1148 3670; x_wconf 84' lang='lat' dir='ltr'>ex</span> <span class='ocrx_word' id='word_1_256' title='bbox 1167 3619 1223 3671; x_wconf 84' lang='lat' dir='ltr'>PT</span> <span class='ocrx_word' id='word_1_257' title='bbox 1240 3635 1254 3671; x_wconf 91' lang='lat' dir='ltr'>e</span> <span class='ocrx_word' id='word_1_258' title='bbox 1273 3626 1320 3671; x_wconf 84' lang='lat' dir='ltr'>net.</span> 
     </span>
     <span class='ocr_line' id='line_1_31' title="bbox 181 3705 1324 3774; baseline 0 -16"><span class='ocrx_word' id='word_1_259' title='bbox 181 3707 211 3758; x_wconf 92' lang='grc'>11</span> <span class='ocrx_word' id='word_1_260' title='bbox 232 3722 340 3758; x_wconf 84' lang='lat' dir='ltr'>sensum</span> <span class='ocrx_word' id='word_1_261' title='bbox 358 3705 493 3774; x_wconf 85' lang='lat' dir='ltr'>P(sensu</span> <span class='ocrx_word' id='word_1_262' title='bbox 512 3707 629 3771; x_wconf 75' lang='lat' dir='ltr'>intras.)</span> <span class='ocrx_word' id='word_1_263' title='bbox 703 3706 821 3758; x_wconf 89' lang='lat' dir='ltr'>humana</span> <span class='ocrx_word' id='word_1_264' title='bbox 839 3722 915 3758; x_wconf 90' lang='lat' dir='ltr'>mens</span> <span class='ocrx_word' id='word_1_265' title='bbox 933 3705 1056 3759; x_wconf 82' lang='lat' dir='ltr'><em>DNCM</em></span> <span class='ocrx_word' id='word_1_266' title='bbox 1107 3708 1139 3761; x_wconf 88' lang='grc'>16</span> <span class='ocrx_word' id='word_1_267' title='bbox 1160 3707 1278 3774; x_wconf 87' lang='lat' dir='ltr'>corporis</span> <span class='ocrx_word' id='word_1_268' title='bbox 1297 3706 1324 3757; x_wconf 96' lang='lat' dir='ltr'><strong><em>P</em></strong></span> 
     </span>
     <span class='ocr_line' id='line_1_32' title="bbox 178 3793 1326 3863; baseline 0 -16"><span class='ocrx_word' id='word_1_269' title='bbox 178 3796 236 3863; x_wconf 78' lang='lat' dir='ltr'>(m2</span> <span class='ocrx_word' id='word_1_270' title='bbox 254 3810 286 3847; x_wconf 80' lang='lat' dir='ltr'>ex</span> <span class='ocrx_word' id='word_1_271' title='bbox 305 3797 429 3863; x_wconf 77' lang='lat' dir='ltr'>eorpuro)</span> <span class='ocrx_word' id='word_1_272' title='bbox 450 3811 590 3863; x_wconf 83' lang='lat' dir='ltr'>corporum</span> <span class='ocrx_word' id='word_1_273' title='bbox 613 3795 638 3846; x_wconf 88' lang='lat' dir='ltr'><em>T</em></span> <span class='ocrx_word' id='word_1_274' title='bbox 691 3794 725 3846; x_wconf 79' lang='lat'>18</span> <span class='ocrx_word' id='word_1_275' title='bbox 744 3794 849 3846; x_wconf 82' lang='lat' dir='ltr'>luxuria</span> <span class='ocrx_word' id='word_1_276' title='bbox 867 3794 926 3846; x_wconf 78' lang='grc' dir='ltr'>ΤὈ</span> <span class='ocrx_word' id='word_1_277' title='bbox 942 3794 1045 3846; x_wconf 83' lang='lat' dir='ltr'>luxoria</span> <span class='ocrx_word' id='word_1_278' title='bbox 1059 3793 1113 3846; x_wconf 81' lang='grc' dir='ltr'>ΡΤ</span> <span class='ocrx_word' id='word_1_279' title='bbox 1128 3794 1248 3847; x_wconf 85' lang='lat' dir='ltr'>luxuriae</span> <span class='ocrx_word' id='word_1_280' title='bbox 1263 3794 1326 3847; x_wconf 91' lang='lat' dir='ltr'>DN</span> 
     </span>
     <span class='ocr_line' id='line_1_33' title="bbox 178 3881 1321 3950; baseline -0.002 -14"><span class='ocrx_word' id='word_1_281' title='bbox 178 3886 204 3936; x_wconf 84' lang='lat' dir='ltr'>et</span> <span class='ocrx_word' id='word_1_282' title='bbox 223 3885 248 3946; x_wconf 88' lang='lat' dir='ltr'>(e</span> <span class='ocrx_word' id='word_1_283' title='bbox 267 3886 348 3947; x_wconf 82' lang='lat' dir='ltr'>eras.)</span> <span class='ocrx_word' id='word_1_284' title='bbox 369 3883 403 3935; x_wconf 90' lang='lat' dir='ltr'><em>M</em></span> <span class='ocrx_word' id='word_1_285' title='bbox 421 3883 557 3935; x_wconf 78' lang='lat' dir='ltr'>luxuriosa</span> <span class='ocrx_word' id='word_1_286' title='bbox 578 3886 639 3943; x_wconf 80' lang='lat' dir='ltr'>(ona.</span> <span class='ocrx_word' id='word_1_287' title='bbox 660 3883 696 3946; x_wconf 89' lang='lat' dir='ltr'>et)</span> <span class='ocrx_word' id='word_1_288' title='bbox 717 3881 744 3932; x_wconf 91' lang='grc' dir='ltr'><strong>Β</strong></span> <span class='ocrx_word' id='word_1_289' title='bbox 801 3883 832 3935; x_wconf 85' lang='grc'>19</span> <span class='ocrx_word' id='word_1_290' title='bbox 852 3881 987 3950; x_wconf 82' lang='lat' dir='ltr'>fragilitas</span> <span class='ocrx_word' id='word_1_291' title='bbox 1007 3881 1155 3934; x_wconf 81' lang='lat' dir='ltr'><em>DNBCM</em></span> <span class='ocrx_word' id='word_1_292' title='bbox 1222 3882 1321 3934; x_wconf 86' lang='lat' dir='ltr'>mentis</span> 
     </span>
     <span class='ocr_line' id='line_1_34' title="bbox 178 3969 1320 4041; baseline -0.001 -18"><span class='ocrx_word' id='word_1_293' title='bbox 178 3985 229 4024; x_wconf 86' lang='lat' dir='ltr'>om.</span> <span class='ocrx_word' id='word_1_294' title='bbox 248 3970 275 4022; x_wconf 91' lang='lat' dir='ltr'><em>B</em></span> <span class='ocrx_word' id='word_1_295' title='bbox 375 3971 407 4024; x_wconf 83' lang='lat'>21</span> <span class='ocrx_word' id='word_1_296' title='bbox 429 3969 591 4023; x_wconf 84' lang='lat' dir='ltr'>adsertionis</span> <span class='ocrx_word' id='word_1_297' title='bbox 615 3969 725 4022; x_wconf 83' lang='lat' dir='ltr'><em>TDNB</em></span> <span class='ocrx_word' id='word_1_298' title='bbox 822 3971 856 4024; x_wconf 75' lang='lat'>23</span> <span class='ocrx_word' id='word_1_299' title='bbox 876 3986 1001 4038; x_wconf 83' lang='lat' dir='ltr'>corporee</span> <span class='ocrx_word' id='word_1_300' title='bbox 1020 3971 1047 4023; x_wconf 95' lang='lat' dir='ltr'><strong><em>P</em></strong></span> <span class='ocrx_word' id='word_1_301' title='bbox 1064 3970 1089 4041; x_wconf 88' lang='lat' dir='ltr'>(o</span> <span class='ocrx_word' id='word_1_302' title='bbox 1111 3972 1158 4023; x_wconf 82' lang='lat' dir='ltr'>alt.</span> <span class='ocrx_word' id='word_1_303' title='bbox 1179 3987 1211 4024; x_wconf 79' lang='lat' dir='ltr'>ex</span> <span class='ocrx_word' id='word_1_304' title='bbox 1230 3988 1244 4022; x_wconf 92' lang='lat' dir='ltr'>a</span> <span class='ocrx_word' id='word_1_305' title='bbox 1263 3974 1320 4037; x_wconf 77' lang='lat' dir='ltr'>an2)</span> 
     </span>
     <span class='ocr_line' id='line_1_35' title="bbox 178 4056 1321 4135; baseline 0 -23"><span class='ocrx_word' id='word_1_306' title='bbox 178 4059 212 4112; x_wconf 83' lang='lat'>24</span> <span class='ocrx_word' id='word_1_307' title='bbox 231 4076 390 4128; x_wconf 89' lang='lat' dir='ltr'>omnemque</span> <span class='ocrx_word' id='word_1_308' title='bbox 410 4059 531 4128; x_wconf 87' lang='lat' dir='ltr'>uigorem</span> <span class='ocrx_word' id='word_1_309' title='bbox 546 4059 573 4111; x_wconf 92' lang='lat' dir='ltr'><em>B</em></span> <span class='ocrx_word' id='word_1_310' title='bbox 623 4059 656 4111; x_wconf 71' lang='lat'>25</span> <span class='ocrx_word' id='word_1_311' title='bbox 675 4056 778 4111; x_wconf 84' lang='lat' dir='ltr'>fetidus</span> <span class='ocrx_word' id='word_1_312' title='bbox 797 4059 824 4112; x_wconf 91' lang='lat' dir='ltr'><strong><em>B</em></strong></span> <span class='ocrx_word' id='word_1_313' title='bbox 843 4059 919 4129; x_wconf 68' lang='lat' dir='ltr'>fedus</span> <span class='ocrx_word' id='word_1_314' title='bbox 939 4059 971 4112; x_wconf 88' lang='lat' dir='ltr'><strong><em>N</em></strong></span> <span class='ocrx_word' id='word_1_315' title='bbox 987 4059 1063 4112; x_wconf 86' lang='lat' dir='ltr'>fedus</span> <span class='ocrx_word' id='word_1_316' title='bbox 1082 4059 1173 4135; x_wconf 76' lang='lat' dir='ltr'>DUM</span> <span class='ocrx_word' id='word_1_317' title='bbox 1225 4061 1259 4113; x_wconf 80' lang='grc'>26</span> <span class='ocrx_word' id='word_1_318' title='bbox 1278 4059 1321 4112; x_wconf 87' lang='lat' dir='ltr'>fn-</span> 
     </span>
     <span class='ocr_line' id='line_1_36' title="bbox 177 4147 459 4217; baseline -0.004 -17"><span class='ocrx_word' id='word_1_319' title='bbox 177 4163 236 4200; x_wconf 88' lang='lat' dir='ltr'>rore</span> <span class='ocrx_word' id='word_1_320' title='bbox 255 4148 282 4200; x_wconf 94' lang='lat' dir='ltr'><strong><em>P</em></strong></span> <span class='ocrx_word' id='word_1_321' title='bbox 301 4150 323 4213; x_wconf 80' lang='lat' dir='ltr'>(l</span> <span class='ocrx_word' id='word_1_322' title='bbox 340 4148 372 4201; x_wconf 80' lang='lat' dir='ltr'>in</span> <span class='ocrx_word' id='word_1_323' title='bbox 390 4147 459 4217; x_wconf 80' lang='lat' dir='ltr'>ras.)</span> 
     </span>
    </p>
   </div>
   <div class='ocr_carea' id='block_1_5' title="bbox 0 0 1508 4666">
    <p class='ocr_par' dir='ltr' id='par_1_6' title="bbox 0 0 1508 4666">
     <span class='ocr_line' id='line_1_37' title="bbox 0 0 1508 4666; baseline 0 1"><span class='ocrx_word' id='word_1_324' title='bbox 0 0 1508 4666; x_wconf 95' lang='lat' dir='ltr'> </span> 
     </span>
    </p>
   </div>
  </div>
 </body>
</html>
