3008 4666
426 267 467 319 De
487 265 611 335 paradiso
632 267 656 328 7,
676 266 781 319 35-37
819 265 843 335 (Ι
864 266 914 319 159
933 265 1047 319 D-lod
1067 266 1107 331 O).
1259 266 1322 329 293

176 463 314 547 prudens
340 461 453 524 subeat
483 459 646 524 custodiae
676 459 866 523 cautionem.
897 478 1007 522 rursus
1031 462 1136 522 autem
1161 478 1221 523 non
1247 459 1324 522 satis

176 572 225 632 ost
247 570 309 632 lroc
334 568 437 631 solum
463 567 543 630 scire
568 565 651 647 quod
674 566 794 628 malum
818 568 876 644 est,
901 584 939 628 ne
964 585 1035 628 cum
1059 565 1179 627 malum
1204 564 1323 641 scieris,
1336 576 1424 631 1601

177 675 308 740 scientia
349 675 423 738 leoni
465 673 598 756 incipias
637 672 824 738 defraudari.
866 673 1030 756 pulchrius
1069 677 1118 736 est
1153 672 1253 756 igitur
1288 676 1325 735 ut

176 786 347 863 utrumque
372 781 523 859 norimus,
543 784 581 843 ut
600 783 641 857 et,
666 781 740 861 quia
764 779 883 843 scimus
906 780 1035 856 bonum,
1060 779 1221 863 fugiamus
1242 780 1326 860 quod

147 888 294 951 amalum
325 891 374 951 est
398 890 430 950 et
453 907 489 951 ex
513 906 548 951 eo
574 886 659 968 quod
688 887 911 970 cognoscimus
942 887 1062 949 malum
1091 885 1164 949 boni
1192 886 1325 967 gratiam

175 993 399 1075 praeferamus.
425 993 481 1057 sed
504 993 550 1056 ita
574 993 669 1056 debes
701 995 871 1074 utrumque
903 993 992 1069 scire,
1024 995 1062 1056 ut
1090 991 1242 1075 profunde
1272 1011 1325 1055 no-

175 1099 261 1163 ueris
285 1103 317 1163 et
348 1100 432 1182 quod
455 1100 580 1164 noueris
608 1099 769 1179 exequaris
798 1103 952 1180 actusque
981 1098 1132 1162 scientiae
1156 1101 1230 1161 tuae
1254 1116 1326 1161 oon·

175 1208 278 1290 gruat.
327 1207 465 1287 alioquin
507 1206 753 1269 tolerabiliorem
797 1206 954 1288 scriptura
994 1205 1114 1270 indicat
1156 1223 1228 1267 eum
1270 1204 1324 1285 qui

175 1316 347 1394 utrumque
377 1313 500 1377 nesciat
524 1332 618 1395 quam
643 1312 696 1393 qui
720 1312 934 1392 perfunctorie
962 1315 1133 1394 utrumque
1163 1310 1323 1393 cognouit.

134 1444 157 1478 ro
177 1422 289 1502 grauat
322 1419 404 1483 enim
439 1420 519 1483 scire
552 1418 636 1500 quod
669 1420 722 1482 uel
757 1418 866 1500 exequi
899 1418 952 1482 uel
986 1418 1087 1482 uitare
1119 1437 1178 1482 non
1207 1416 1322 1500 possis,
1354 1419 1377 1471 B

176 1528 288 1607 grauat
312 1525 393 1589 scire
417 1525 485 1588 sine
509 1544 570 1588 usu
591 1528 686 1605 atque
706 1543 798 1606 opere
819 1523 1009 1606 cognitionis
1028 1522 1209 1605 profundae.
1234 1522 1325 1585 obest

176 1631 216 1694 ad
249 1631 514 1695 existimationem
547 1631 670 1694 medico
705 1631 784 1694 scire
815 1629 891 1710 quid
921 1629 1022 1712 prosit
1051 1632 1082 1693 et
1110 1628 1187 1710 quid
1215 1632 1325 1692 noceat

176 1756 281 1821 aegro,
315 1738 376 1802 nisi
410 1738 590 1821 cognitione
623 1757 659 1801 ea
692 1736 958 1818 quemadmodum
988 1737 1114 1818 oportet
1143 1736 1261 1811 utatur,
1294 1739 1325 1797 et

86 1840 129 1904 37
175 1843 245 1908 ideo
277 1864 337 1909 non
370 1848 419 1909 est
450 1845 590 1928 cognitio
621 1844 712 1921 bona,
745 1843 805 1906 nisi
836 1862 872 1907 ea
902 1842 1003 1906 utaris
1027 1844 1063 1904 ut
1092 1843 1224 1923 oportet.
1247 1840 1324 1903 item

134 1976 157 2011 rs
176 1950 299 2033 accipe:
324 1969 384 2014 non
408 1951 525 2014 frustra
548 1950 672 2032 lignum
697 1949 848 2012 scientiae
871 1948 945 2012 boni
971 1951 1002 2011 et
1030 1946 1105 2010 mali
1134 1945 1324 2028 productum

176 2059 226 2121 est
254 2057 285 2121 in
316 2057 421 2120 medio
452 2055 609 2138 paradiso,
641 2059 673 2118 et
704 2056 731 2118 si
763 2055 953 2136 cuicumque
983 2053 1104 2119 homini
1134 2052 1324 2135 productum

122 2172 125 2177 ’
177 2167 273 2239 esset,
316 2162 477 2245 superflua
513 2162 703 2227 interdictio.
746 2161 802 2225 sed
839 2180 940 2242 neque
978 2160 1096 2224 frustra
1119 2160 1239 2223 factum
1275 2161 1324 2222 est
1357 2163 1377 2217 t*

175 2289 277 2350 neque
311 2270 365 2333 alii
398 2269 459 2333 nisi
496 2269 617 2332 homini
649 2269 770 2332 factum
804 2272 862 2341 est,
896 2267 949 2349 qui
978 2266 1163 2331 mandatum
1191 2267 1323 2347 accepit,

176 2380 213 2440 ut
240 2395 301 2439 non
331 2377 398 2440 solo
428 2395 475 2453 eo,
507 2375 563 2438 sed
593 2394 628 2440 eo
658 2394 731 2438 cum
760 2375 874 2439 ceteris
899 2375 1050 2437 uteretur.
1075 2392 1147 2436 nam
1172 2372 1199 2435 si
1222 2373 1325 2435 multa

133 2482 341 2560 aodiscutias
385 2483 535 2565 conplura
573 2482 731 2564 repperies
769 2485 801 2545 et
836 2482 928 2564 plane
965 2480 1139 2556 innumera,
1178 2498 1257 2560 quae
1295 2479 1323 2541 ei

177 2589 231 2670 qui
264 2590 311 2653 uti
344 2591 468 2654 nesciat
499 2576 625 2671 possint
657 2607 779 2652 nocere.
814 2607 870 2651 nec
900 2587 987 2670 ipsas
1019 2586 1148 2649 diuitias
1182 2584 1322 2648 inuenies

175 2684 366 2773 fructuosae,
396 2696 424 2760 si
447 2696 566 2759 liabens
590 2694 681 2759 diues
706 2693 849 2758 subsidia
871 2692 1028 2777 largitatis
1053 2695 1146 2775 neget
1174 2690 1324 2755 alimenta

266 2886 282 2939 8
301 2886 364 2939 Luc.
388 2887 429 2951 12,
449 2887 483 2938 47
504 2903 543 2954 sq.

215 3018 228 3070 1
250 3017 400 3071 custodiam
420 3019 456 3070 M
473 3017 608 3071 custodire
627 3017 655 3068 B
745 3016 892 3069 cautiorem
911 3015 948 3067 M
966 3017 989 3078 (r
1008 3030 1041 3066 ex
1058 3012 1087 3082 n)
1107 3011 1240 3065 cautionis
1258 3011 1324 3065 ΒΨ

178 3106 302 3158 cautione
321 3106 348 3157 B
421 3107 437 3158 2
457 3107 527 3174 curn}
549 3104 622 3173 quod
641 3105 705 3157 ΒΨ
798 3104 890 3157 scieris
908 3103 945 3155 M
963 3106 1005 3155 est
1023 3101 1126 3155 nescire
1145 3101 1172 3155 Β
1192 3104 1245 3165 (est
1264 3116 1322 3166 carp.

178 3193 234 3263 m2)
257 3193 289 3246 Ψ
309 3195 395 3247 sciens
414 3199 461 3248 cet.
535 3195 613 3247 Soet
632 3210 683 3247 oar.
702 3193 740 3246 M
818 3193 913 3260 igitur]
934 3192 1029 3259 urique
1048 3191 1075 3242 B
1147 3194 1177 3242 ut
1196 3189 1322 3243 SBP‘ot

178 3299 229 3336 om.
249 3288 296 3336 cet.
375 3284 526 3350 4utraque
545 3282 582 3335 M
669 3282 789 3334 norimus
810 3284 868 3348 (rn2
885 3280 971 3346 nosci)
991 3280 1018 3331 P
1096 3278 1277 3331 oreta-amus
1296 3277 1323 3330 Β

215 3370 307 3440 debes]
323 3371 434 3440 prodest
447 3371 512 3426 ΒΨ
576 3374 691 3440 utraque
705 3372 742 3425 M
788 3372 803 3423 7
824 3373 970 3437 auctorque
986 3369 1034 3421 ΕΒ
1049 3374 1073 3420 ct
1088 3373 1118 3433 (s.
1135 3367 1275 3435 actusque)
1289 3367 1324 3418 P‘

215 3463 346 3529 congruat
370 3460 395 3512 V
501 3461 517 3513 9
537 3461 593 3529 qui]
614 3461 637 3512 si
661 3460 687 3512 V
792 3458 990 3528 perfunctoriae
1009 3456 1086 3509 ASB
1105 3462 1130 3509 et
1150 3459 1178 3520 (n
1196 3471 1217 3508 s.
1239 3458 1276 3520 u.)
1298 3455 1325 3506 P

177 3548 361 3618 perfunctoria
375 3548 438 3602 ΒΨ
512 3548 673 3618 cognouerit
685 3548 751 3602 ΒΨ
808 3548 840 3601 10
860 3547 932 3615 quod
951 3545 1006 3613 uel]
1026 3546 1039 3597 l
1058 3544 1130 3613 quod
1145 3545 1170 3596 Β
1188 3545 1210 3610 (1
1224 3548 1323 3610 postca

179 3636 305 3690 additum
323 3637 444 3702 uidetur)
465 3636 496 3689 Ψ
569 3637 657 3705 possit
670 3637 707 3688 M
761 3637 791 3688 11
814 3635 915 3704 absque
930 3634 1019 3701 APV,
1033 3633 1103 3700 fort.
1119 3637 1201 3700 atque
1221 3631 1323 3699 absque

214 3724 329 3793 denique
349 3725 428 3777 obest
445 3725 480 3778 M
499 3725 626 3794 (denique
645 3743 666 3778 s.
686 3728 724 3791 cc.)
746 3723 886 3779 SBP‘CG‘
955 3723 1033 3776 obest
1052 3739 1079 3775 se
1099 3722 1126 3774 A
1146 3724 1169 3781 (t
1188 3737 1246 3786 erp.
1265 3723 1322 3784 nik)

178 3812 416 3866 obdasPobessc
440 3814 656 3867 VobessetP'⁴
739 3815 771 3866 13
792 3817 903 3881 aegroto
923 3812 982 3864 ND
1073 3808 1324 3877 recognitioncB

180 3902 214 3955 14
231 3903 308 3969 item]
325 3903 423 3954 iterum
443 3902 528 3955 SBP¹
577 3903 609 3956 16
629 3901 802 3971 paradysilt
847 3903 878 3954 17
900 3899 1075 3953 estonaSB
1131 3898 1163 3952 18
1183 3912 1321 3964 neque...

178 3990 280 4043 factum
300 3992 342 4041 eat
360 3990 391 4042 irc
409 4007 459 4058 neq.
478 3989 531 4056 inf.
551 3993 598 4042 mid
612 3990 647 4045 A.
667 4007 717 4043 om.
737 3989 767 4042 D
856 3989 907 4041 hoc
926 3988 1027 4040 facturn
1045 3987 1073 4040 B
1164 3986 1197 4038 19
1217 3984 1276 4037 sold
1295 3983 1323 4036 Β

179 4078 252 4131 solus
272 4078 304 4130 P‘
396 4079 430 4131 20
458 4079 587 4147 conplura
605 4078 770 4132 AVSBcrr
786 4083 810 4130 ct
831 4082 895 4146 (qua
913 4080 959 4129 ru2
977 4093 998 4129 s.
1020 4079 1079 4140 con)
1101 4075 1134 4139 P,
1156 4077 1219 4142 (qua
1239 4089 1271 4126 ex
1290 4077 1319 4125 cd

179 4171 235 4232 aad)
255 4166 290 4219 P‘
345 4168 377 4220 21
399 4168 486 4235 possit
504 4167 568 4220 ΒΨ
588 4167 693 4236 possint
711 4167 748 4220 M
767 4170 794 4234 (n
813 4183 834 4219 s.
854 4167 893 4236 u.)
948 4167 981 4218 22
1001 4168 1080 4218 necet
1098 4163 1163 4218 ΒΨ
