3008 4666
158 282 220 345 116
635 278 834 334 Ambrosii

155 477 257 541 diem
277 496 319 540 ae
339 481 507 555 noctem,
527 477 600 559 quia
620 480 651 540 et
670 476 853 558 supralata,
869 478 923 542 ubi
938 479 1044 542 lumen
1058 477 1145 554 fecit,
1160 477 1297 543 dixerat:

156 585 366 667 separauit
390 584 487 648 deris
511 585 619 648 inter
642 585 772 648 lucem
798 588 835 648 et
858 585 1057 650 tenebras,
1089 588 1129 649 et
1160 586 1297 651 faetus

154 696 216 755 est
240 711 385 771 uesper
416 692 633 756 ellectum
663 694 724 756 est
742 710 862 769 mane,
883 692 968 755 dies
988 712 1100 756 unare.
1121 692 1179 756 sed
1197 693 1297 756 eonsi-

153 800 298 863 deremus
336 798 409 879 quia
447 798 533 862 aliud
570 802 620 861 est
650 799 758 862 lumen
791 799 864 871 diei.
897 798 983 862 aliud
1015 798 1123 863 lumen
1155 798 1233 863 solis
1266 802 1297 863 et

151 906 244 969 lamae
265 908 296 968 et
314 905 421 969 lumen
443 904 616 969 stellarum.
638 924 673 969 eo
694 904 779 986 qnod
798 906 847 968 sol
861 904 929 986 ipse
945 905 1042 968 radiis
1058 905 1125 969 suis
1139 904 1296 989 fulgorem
1326 928 1339 967 s

153 1012 263 1075 diurno
291 1012 404 1075 lumini
432 1011 578 1075 uideatur
602 1011 782 1095 adiungere.
808 1011 892 1093 quod
915 1011 968 1074 uel
992 1018 1080 1076 ortus
1104 1010 1167 1075 diei
1189 1014 1297 1093 potest

152 1117 281 1200 prodere
310 1119 360 1180 nel
392 1136 534 1181 occasus.
564 1137 636 1181 nam
664 1126 734 1181 ante
759 1118 859 1182 solem
882 1117 968 1181 lueet
993 1117 1130 1200 quidem,
1155 1117 1295 1183 sednon

151 1225 289 1306 refulget
312 1223 389 1301 dies,
413 1224 487 1305 quie
510 1224 646 1305 amplius
671 1242 795 1304 quoque
820 1223 992 1286 meridiano
1016 1223 1083 1286 sole
1106 1223 1295 1305 resplendet.

152 1331 236 1412 quod
256 1330 393 1394 ostendit
412 1330 566 1412 propbeta
585 1330 710 1393 dicens:
732 1335 769 1393 et
789 1330 934 1393 edueet
954 1330 1065 1393 sicut
1086 1330 1219 1393 lumen
1242 1330 1295 1394 iu·

152 1436 310 1501 stitiam
331 1440 438 1500 tunm
458 1440 497 1500 et
515 1436 714 1501 iudicium
734 1442 845 1501 tuum
866 1439 976 1501 siout
995 1437 1216 1500 meridiem.
1232 1454 1292 1502 non
1313 1462 1339 1501 ro

151 1543 255 1607 solum
284 1544 367 1607 enim
394 1543 518 1621 lumini,
543 1543 598 1607 sed
623 1544 717 1607 etiam
742 1544 916 1608 meridiano
939 1543 1053 1606 lumini
1076 1542 1178 1607 saneti
1201 1543 1293 1609 iusti·
1355 1556 1384 1611 61

106 1650 226 1713 titiam
250 1650 456 1732 comparauit.
482 1650 593 1715 deinde
617 1670 678 1715 non
703 1652 807 1714 solum
830 1670 929 1713 unum
953 1651 1089 1732 signnm,
1114 1650 1170 1714 sed
1197 1651 1293 1715 etiam

150 1756 212 1821 dno
235 1758 340 1821 uoluit
363 1776 432 1821 esse
452 1758 581 1821 diurnae
602 1756 800 1822 discretionis
820 1761 915 1838 atque
934 1760 1117 1833 noeturnae,
1136 1760 1173 1821 ut
1191 1760 1224 1823 et
1241 1758 1294 1821 lux

150 1862 371 1927 discret-ionem
395 1863 492 1927 faeiat
515 1866 547 1927 et
566 1864 643 1927 solis
665 1866 790 1928 exortus
811 1866 843 1927 et
861 1865 977 1928 iterum
995 1864 1078 1927 lacis
1098 1864 1242 1929 defectus
1263 1867 1293 1929 et

148 1971 314 2034 stellarum
347 1973 434 2034 ortus
467 1970 550 2034 inter
583 1989 729 2034 oceasum
758 1970 820 2034 diei
848 1970 1026 2054 distinguat
1054 1973 1086 2034 et
1113 1969 1215 2035 noetis
1244 1990 1290 2035 ex·
1312 1994 1338 2033 re

149 2077 282 2140 ordinm.
316 2096 387 2140 narn
420 2077 474 2140 ubi
508 2077 659 2141 occiderit
687 2079 744 2151 sol,
772 2080 878 2141 manet
906 2080 1012 2141 tamen
1040 2077 1144 2142 adhue
1172 2078 1293 2159 aliquid

149 2183 354 2266 reliquiarum
379 2182 451 2255 diei,
477 2183 575 2248 donee
597 2183 743 2247 tenebrae
766 2187 882 2247 terrani
902 2184 1053 2265 operiant,
1072 2187 1104 2247 et
1122 2186 1198 2248 tune
1216 2185 1290 2249 luna

151 2291 250 2353 oritur
286 2292 318 2353 et
353 2290 474 2362 stellae.
513 2292 544 2353 et
582 2289 618 2353 de
651 2293 741 2354 noete
775 2289 902 2370 quidem
934 2292 1041 2369 aperte
1071 2289 1183 2373 liquet,
1217 2291 1291 2373 quia
1354 2302 1376 2356 B

148 2397 242 2461 lunae
263 2399 295 2460 et
314 2397 477 2459 stellarum
497 2396 695 2461 inluminatio
716 2396 817 2460 noetis
834 2396 935 2477 spatia
949 2397 1117 2473 testantur,
1133 2396 1291 2480 siquidem

149 2523 204 2586 per·
232 2503 314 2566 diem
343 2502 501 2586 fulgorem
530 2502 621 2566 illurn
651 2502 792 2565 lunarem
822 2501 1049 2583 stellarumque
1078 2502 1218 2566 omnium
1243 2504 1292 2569 sol
1309 2526 1337 2567 so

148 2613 275 2674 exortus
304 2609 479 2673 abscondit.
509 2608 546 2671 de
576 2608 626 2673 die
650 2613 756 2671 autem
780 2607 832 2671 uel
854 2608 924 2688 ipsa
949 2607 1026 2672 solis
1048 2607 1216 2691 flagrantia
1238 2610 1291 2674 do-

148 2735 218 2778 oere
242 2735 299 2779 nos
323 2718 430 2797 potest
453 2715 612 2779 diuersam
637 2715 739 2778 diurni
757 2714 888 2778 luminis
909 2717 942 2778 et
960 2714 1037 2778 solis
1057 2733 1127 2778 esse
1146 2719 1290 2779 naturam

148 2824 181 2885 et
211 2823 313 2903 ipsam
348 2841 418 2886 esse
452 2822 589 2903 speeiem
624 2821 823 2886 discolorem.
857 2821 991 2903 simplex
1018 2820 1101 2884 enirn
1125 2821 1212 2893 ¹lucis
1241 2824 1291 2887 est

149 2929 281 3008 speclea,
310 2932 347 2992 ut
372 2929 480 2992 lumen
507 2930 670 3010 praebeat:
695 2932 825 2992 otnero
850 2929 899 2992 sol
923 2947 984 2991 non
1009 2927 1112 2991 solum
1136 2927 1290 2991 uirtutem

147 3034 357 3098 inlurninandi
390 3034 495 3109 babet,
530 3035 586 3099 sed
618 3036 712 3098 etiam
746 3033 936 3116 uaporandi3
970 3034 1083 3117 ignens
1113 3035 1162 3096 est
1194 3032 1335 3109 enimes

147 3140 230 3221 ignis
259 3144 364 3204 autem
394 3144 425 3204 ot
452 3141 621 3205 inluminat-
648 3146 679 3205 et
708 3142 817 3205 exmit.
842 3140 923 3204 unde
948 3141 1025 3204 <leus
1049 3140 1160 3203 uolens
1183 3138 1290 3223 Moysi
1352 3152 1372 3209 c

236 3365 251 3417 2
272 3364 337 3419 Gen.
359 3366 382 3423 1.
402 3368 419 3405 a
437 3383 477 3435 sq.
534 3368 550 3418 e
569 3367 668 3419 Psalm.
688 3365 804 3419 xxxvi
820 3368 835 3420 6
891 3367 925 3418 24
945 3364 1284 3427 Isid.denat.rer.15‚2

146 3454 181 3506 26
197 3454 278 3508 Esod.
294 3456 318 3517 3,
334 3456 350 3507 2
365 3472 404 3524 sq.

184 3589 233 3674 1⁴2⁶
244 3625 351 3676 noctem
371 3627 412 3687 (ac
431 3626 487 3688 1112)
509 3624 535 3676 P
552 3590 580 3687 {t-
599 3627 705 3676 noctem
730 3623 754 3674 V
772 3627 798 3676 ot
817 3626 924 3675 noctem
942 3623 1027 3676 MSB
1102 3624 1117 3675 2
1137 3622 1226 3675 factus
1245 3624 1288 3673 est

146 3727 242 3780 uesper
261 3709 282 3761 11
304 3712 403 3763 lactum
424 3714 464 3763 est
483 3728 596 3780 uespere
614 3712 680 3763 NB
698 3711 785 3764 faetus
806 3714 847 3763 est
866 3728 977 3780 uespere
995 3711 1054 3765 MS
1124 3714 1140 3765 b
1160 3710 1243 3763 radiis
1262 3714 1286 3775 (e

146 3805 227 3864 eras.)
248 3802 302 3853 suis
322 3800 344 3869 (s
365 3801 413 3853 alt.
433 3806 514 3857 erne.)
538 3801 563 3854 G
626 3800 757 3854 tidinrna
780 3801 803 3851 (J
873 3800 966 3853 hortus
988 3801 1047 3854 (VM
1063 3805 1088 3853 et
1108 3801 1137 3865 (h
1156 3802 1237 3865 eras.)
1261 3797 1287 3852 G

146 3890 245 3956 tlfort.
270 3890 316 3957 qui
340 3889 453 3956 amplius
508 3889 674 3942 90stendet
701 3889 792 3955 Coie
814 3893 870 3954 2123)
945 3889 1036 3942 educit
1057 3888 1228 3957 6111112)
1248 3886 1286 3939 N‘

180 3979 267 4030 lucem
290 3978 323 4034 ppt
374 3979 406 4031 10
429 3978 540 4030 meridie
567 3977 739 4030 Orneridiae
758 3978 852 4034 Prior
904 3980 934 4031 11
955 3977 1064 4030 luminis
1086 3975 1192 4029 CPMS
1243 3976 1286 4029 lu·

147 4067 225 4118 minis
248 4066 270 4115 (ι1
315 4068 347 4120 12
367 4068 446 4135 signa
463 4067 486 4120 C
503 4076 530 4123 (d
550 4084 583 4119 eo
600 4084 617 4119 u
636 4066 693 4134 aad)
745 4069 777 4119 15
797 4071 870 4118 ortus
884 4066 980 4119 n’¹MS
998 4069 1071 4118 ortus
1091 4069 1118 4118 et
1133 4063 1157 4115 ll
1176 4069 1202 4117 et
1215 4068 1285 4133 (emp.

146 4190 183 4249 etp
203 4183 229 4233 B
295 4148 831 4247 1111117116111111112)6119111111
889 4183 923 4235 26
943 4176 1285 4248 drrsBDior.‚r·eeteprrto
