3008 4666
354 246 395 300 De
416 246 482 302 Cain
503 253 530 302 et
548 248 617 303 Abel
635 248 649 301 I
668 251 693 302 2.
713 251 747 312 3,-
758 251 782 305 9.
803 251 837 303 10
875 250 899 314 (I
919 250 968 304 leo
988 250 1100 306 Ε-187
1120 251 1162 317 Ε).
1265 253 1330 318 345

184 447 351 520 nonerunt,
384 443 501 509 Christi
529 447 635 508 autem
664 445 858 525 sepulturam
887 444 1038 520 uidimus,
1069 445 1124 509 sed
1152 465 1234 510 nunc
1266 446 1328 510 iam

184 570 246 613 non
260 551 420 628 nouimus,
437 551 511 631 quia
522 552 784 615 resurrectionem
803 552 871 615 eius
892 552 1095 636 agnouimus3
1117 554 1227 617 debuit
1246 553 1329 617 enim

185 656 336 738 cognosci
363 655 508 719 tumulus
539 656 618 733 eius,
642 659 679 720 ut
701 657 888 721 resurrectio
912 658 1177 722 manifestaretur.
1203 663 1235 722 et
1257 660 1329 725 ideo

183 760 216 826 in
240 763 404 846 euangelio
429 763 575 826 tumulus
599 783 725 827 summa
748 765 946 846 expressione
971 765 1169 841 describitur,
1200 766 1231 829 19
1255 768 1326 851 lege
1351 778 1374 830 Β

153 889 246 934 snou
272 870 442 951 quaeritur,
463 871 536 951 quia
554 871 630 934 licet
648 872 909 934 resurrectionem
929 872 997 935 eius
1016 873 1065 935 199
1085 872 1328 953 admmtiauerit,
1351 920 1355 927 .

184 976 277 1040 nobis
301 979 406 1040 tamen
432 977 589 1062 euangelii
614 978 711 1042 series
734 977 919 1058 plenissime
944 979 1159 1061 conprobauit.

68 1081 84 1157 l,
97 1076 138 1140 10
229 1084 324 1167 Ergo,
357 1086 394 1146 ut
426 1084 509 1165 quod
541 1086 765 1167 proposuimus
799 1085 1014 1166 conpleamus,
1040 1086 1194 1150 adiecit
1224 1087 1373 1168 inquito

184 1208 323 1269 parere
356 1190 466 1265 Abel,
500 1191 560 1254 999
593 1195 642 1255 999
672 1191 834 1255 meliorem
867 1192 945 1270 Eua,
977 1212 1057 1273 quae
1088 1193 1227 1276 grauiter
1257 1197 1328 1258 aute

184 1300 381 1376 peccauerat,
397 1316 432 1360 er
448 1316 481 1360 99
501 1299 665 1381 generauit
684 1298 881 1376 sententiam,
902 1301 939 1361 nt
958 1299 1128 1381 superioris
1154 1301 1328 1365 sententiae
1353 1382 1358 1387 Ι

143 1421 169 1460 10
186 1403 326 1466 aboleret
349 1423 493 1469 errorem.
523 1405 668 1482 mentior,
693 1405 756 1476 nisi
779 1406 838 1470 999
861 1406 892 1468 19
919 1406 1075 1470 uniuersis
1099 1407 1259 1488 probatur.
1284 1408 1329 1470 ita

185 1511 268 1574 enim
293 1511 461 1588 nascimur,
486 1515 523 1575 ut
547 1516 617 1576 ante
641 1512 784 1576 infirmus
807 1512 957 1576 infantiae
982 1532 1093 1577 sensus
1112 1514 1143 1575 iu
1163 1514 1254 1578 nobis
1275 1515 1327 1590 sit,

183 1621 294 1699 postea
321 1619 475 1700 pueritiae
505 1618 645 1698 corporis
674 1617 893 1682 tantummodo
924 1638 1031 1682 curam
1061 1619 1173 1696 sciens,
1204 1620 1328 1683 nullum

184 1727 317 1808 cultum,
340 1727 461 1789 nullam
485 1725 603 1788 habens
629 1725 861 1789 obseruantiam
885 1725 1074 1788 diuinorum.
1100 1725 1183 1788 unde
1208 1729 1240 1789 et
1264 1727 1371 1790 eui-D

184 1833 271 1897 denti
297 1836 425 1896 naturae
454 1830 595 1894 nouitate
626 1832 730 1894 ortum
757 1830 864 1893 lesum
893 1830 1055 1895 Christum
1083 1850 1118 1894 er
1146 1830 1268 1913 uirgine
1292 1834 1329 1895 ut

141 1956 167 1994 1o
185 1940 334 2020 probaret
355 1938 510 2020 propheta
534 1937 591 2000 ait:
624 1955 715 2000 9999
744 1936 923 2020 uirgoin
947 1940 1062 2001 utero
1088 1938 1267 2019 accipiet
1291 1941 1328 2002 99

184 2045 320 2126 pariet
338 2045 484 2120 filium,
507 2046 546 2106 et
564 2042 770 2106 uocabunt
788 2062 927 2107 nomen
949 2043 1037 2107 eius
1056 2043 1326 2109 Emmanuhel.

184 2151 374 2234 butyrum
399 2155 437 2215 99
459 2151 536 2214 991
559 2149 832 2228 manducabit,
856 2151 1093 2232 priusquam
1118 2151 1224 2216 99199
1255 2172 1327 2215 99-

184 2258 264 2320 199
293 2261 360 2320 999
387 2257 547 2321 bonum:
578 2257 763 2337 quoniam
792 2257 1029 2338 priusquam
1053 2258 1160 2322 99199
1182 2258 1327 2323 99999

185 2368 254 2428 999
290 2365 436 2427 99199
474 2382 547 2427 999
586 2362 718 2426 credit
755 2363 951 2441 malitiae,
984 2366 1027 2427 ut
1060 2364 1328 2448 eligetquod

139 2473 328 2534 eobonum
361 2475 423 2535 est
455 2473 487 2533 et
519 2469 615 2533 iufra:
649 2469 886 2550 priusquam
917 2470 1024 2534 99199
1053 2490 1151 2551 puer
1180 2491 1326 2536 uocare

183 2581 338 2658 patrem
372 2579 441 2640 999
473 2579 650 2653 matrem,
684 2575 864 2658 accipiet
901 2577 1099 2640 uirtutem
1139 2579 1327 2643 Damasci

184 2688 222 2746 et
246 2684 380 2766 spolia
404 2682 606 2747 Samariae
632 2687 772 2746 contra
790 2684 1215 2766 regemrlssyriorum.
1237 2687 1324 2750 solus

183 2790 266 2854 enim
302 2790 364 2853 fuit
401 2790 455 2871 qui
492 2807 553 2852 999
591 2791 641 2852 999
678 2793 790 2870 captus
829 2789 948 2853 saeculi
984 2790 1081 2854 huius
1118 2792 1259 2855 uanitate
1295 2796 1327 2857 et

183 2896 299 2960 cumali
336 2899 469 2973 tumore,
507 2899 618 2978 utpote
652 2895 706 2978 qui
739 2915 771 2959 se
804 2896 988 2961 9991119919
1019 2896 1123 2961 factus
1157 2899 1371 2963 oboediensE

137 3022 163 3060 25
182 3021 284 3084 usque
317 3002 355 3066 ad
388 3006 533 3079 mortem,
566 3003 660 3086 longe
689 3002 943 3084 uniuscuiusque
972 3006 1117 3068 nostrum
1148 3005 1325 3081 dissimilis,

183 3108 238 3189 qui
260 3128 317 3173 nos
341 3110 457 3173 frustra
481 3110 661 3173 extollimus
685 3112 789 3173 mente
814 3110 913 3173 carnis
937 3110 1048 3174 inflati.
1073 3110 1155 3175 unde
1180 3114 1212 3174 et
1234 3131 1324 3175 nemo

182 3215 249 3279 siue
286 3219 417 3297 peccato
457 3235 514 3280 nec
550 3217 645 3280 unius
683 3216 745 3279 diei
781 3215 895 3293 infans,
933 3217 986 3279 ille
1021 3219 1127 3280 autem
1158 3221 1324 3300 peccatum

269 3476 466 3538 4111999921,
487 3476 520 3530 60
575 3476 681 3530 511991.
704 3478 744 3539 ll,
767 3478 798 3530 10
856 3477 1137 3547 151199191499.
1199 3480 1232 3533 20
1251 3481 1323 3534 Ε991.

180 3563 243 3626 8,4
297 3566 331 3617 24
350 3564 468 3633 Philipp.
488 3564 549 3625 2,ss
605 3564 706 3618 27199
728 3565 989 3634 14,4sq.IPetr.
1010 3568 1034 3629 2,
1055 3568 1097 3631 22,
1118 3567 1323 3633 cf.110h.3,5

218 3705 230 3757 1
251 3705 297 3768 ina
315 3722 384 3759 nunc
404 3707 456 3758 iam
476 3707 512 3759 M
528 3707 652 3759 nuntium
670 3706 714 3759 Μ’
733 3708 785 3759 199
805 3724 876 3762 9999
890 3707 975 3762 SAA‘
1030 3710 1046 3762 2
1067 3709 1130 3777 quia
1148 3710 1185 3762 M
1203 3712 1229 3776 (a
1247 3727 1268 3764 s.
1283 3714 1322 3775 u.)

184 3794 209 3847 V
228 3795 274 3863 qui
293 3801 339 3848 cet.
431 3798 446 3848 5
465 3795 531 3849 licet
550 3812 619 3848 erae.
639 3796 667 3859 S,
689 3813 739 3849 ora.
758 3796 857 3850 MAA¹
942 3798 999 3850 eius
1019 3813 1088 3850 erus.
1108 3799 1137 3862 S,
1156 3815 1207 3854 om.
1226 3799 1324 3853 ΜΛΝ

180 3886 197 3938 6
217 3884 353 3952 euangelii
370 3885 407 3938 M
424 3885 444 3949 (i
464 3885 611 3951 91999.)
632 3886 756 3954 euangeli
774 3887 801 3938 B
888 3886 1075 3956 comprobabit
1092 3888 1120 3940 P
1193 3889 1224 3942 16
1244 3905 1324 3942 uoca-

179 3973 255 4025 bitur
272 3974 300 4026 P
318 3972 402 4027 uocab
427 3974 452 4025 V
513 3974 544 4026 17
563 3974 664 4027 99199
682 3978 730 4027 999
747 3975 847 4028 bonum
867 3977 992 4044 quoniam
1011 3977 1166 4046 priusquam
1185 3978 1254 4030 99199
1272 3995 1322 4032 om.

180 4061 275 4115 JrPV
329 4062 479 4116 1899999
498 4063 720 4116 999-99199111
735 4064 835 4117 99199
854 4069 901 4118 999
920 4067 1018 4118 bouum
1038 4065 1261 4120 SAA¹M⁴PP⁴V
1275 4068 1323 4120 bo·

180 4166 244 4202 num
264 4153 291 4203 et
309 4152 408 4204 malum
427 4151 454 4202 B
509 4153 543 4204 24
562 4154 658 4220 utpute
677 4152 714 4205 M
730 4158 754 4206 et
773 4159 853 4217 (corr.
873 4157 929 4222 ru2)
950 4155 998 4209 sP
1051 4156 1085 4208 26
1105 4155 1169 4224 quia
1186 4155 1241 4208 BP
