3008 4666
342 246 383 298 De
402 246 462 299 Noe
481 246 524 301 30.
544 247 588 312 31,
609 247 750 302 113-116
788 248 812 314 (I
832 249 884 303 273
904 248 1015 304 0-274
1032 249 1074 319 E).
1229 253 1291 316 491

150 440 324 525 improbus,
350 443 498 524 quoniam
521 442 590 523 ipse
615 442 727 507 deuius
748 441 935 524 disciplinae
955 447 1013 522 est,
1034 445 1166 510 aliorum
1185 447 1394 528 lapsus274A

149 569 210 614 non
245 551 347 614 solum
381 569 437 632 pro
472 550 522 614 sui
555 551 667 614 erroris
700 550 817 614 solaoio
851 550 975 633 aooipit,
1010 553 1094 632 quod
1131 555 1294 617 consortes

148 656 306 720 inuenerit
330 658 451 738 culpae,
476 675 587 720 uerum
612 657 708 721 etiam
731 657 874 740 improbo
897 657 1035 722 laetatur
1061 658 1187 736 affectu,
1215 663 1295 724 tam-

150 783 244 845 quam
277 782 335 827 sua
366 764 435 844 ipse
467 763 584 827 delicta
616 763 792 828 oorrereu‘t.
827 763 909 828 mala
939 784 1028 849 meus
1058 785 1131 850 ergo
1158 766 1296 830 laetatur

122 874 272 952 spraeter
294 871 493 953 propositum
517 871 636 952 aliquid
661 872 815 935 aooidisse
839 872 984 954 sapienti,
1009 892 1081 936 oum
1100 873 1211 954 utique
1231 892 1296 937 oor·

149 979 234 1058 poris
257 978 368 1060 lapsus
391 978 422 1041 in
447 977 528 1042 uitio
554 996 623 1042 esso
647 998 708 1042 nou
733 978 855 1056 debeat,
880 979 1006 1043 etiamsi
1024 981 1134 1061 lapsus
1154 982 1294 1061 putetur,

149 1084 210 1148 nisi
238 1085 363 1148 animus
392 1103 516 1167 quoque
543 1085 675 1148 inclinet
701 1085 733 1148 in
762 1086 898 1167 oulpam.
931 1088 1091 1168 postremo
1124 1085 1294 1150 ueniabilia

148 1191 332 1255 huiusmodi
376 1191 557 1255 iudicentur
597 1194 707 1269 errata,
749 1211 810 1256 non
851 1192 923 1256 odio
964 1193 1191 1275 persequenda,
1232 1201 1342 1256 nonB

148 1299 293 1362 habenda
319 1298 468 1374 ludibrio,
498 1298 552 1362 sod
577 1318 677 1376 mens,
702 1302 739 1362 ut
762 1298 835 1376 dixi,
859 1299 1012 1380 improba,
1038 1319 1110 1364 oum
1134 1303 1226 1382 putat
1250 1317 1294 1361 er·

105 1423 131 1462 1o
148 1424 235 1469 rasse
265 1405 450 1486 sapientem,
479 1405 698 1469 insultandum
726 1406 897 1469 arbitratur
925 1405 953 1470 ei
986 1407 1076 1470 ouius
1110 1407 1171 1470 sibi
1203 1407 1296 1487 putat

149 1530 252 1575 mores
286 1530 357 1575 esse
391 1511 572 1590 contrarios,
611 1512 696 1593 quod
732 1517 899 1594 peooatum
936 1532 1030 1576 suum
1069 1515 1161 1576 uelut
1196 1511 1294 1576 taoito

150 1617 286 1698 quodam
325 1617 475 1698 sapientis
513 1617 695 1680 testimonio
729 1618 946 1701 redarguatur,
980 1636 1080 1700 eoque
1112 1617 1295 1680 laetandum

150 1725 221 1801 sibi,
247 1723 331 1806 quod
353 1724 439 1788 iusto
464 1724 532 1788 uiro
557 1742 614 1788 neo
640 1724 774 1788 eruditio
798 1724 902 1806 ipsius
921 1725 1075 1807 profuerit
1093 1742 1151 1787 neo
1169 1722 1295 1787 iustitia

150 1832 322 1914 suffragata
350 1831 392 1894 sit
418 1850 475 1894 neo
504 1850 540 1894 ea
568 1850 647 1913 quae
677 1832 848 1895 seeundum
880 1850 993 1915 eorpus
1022 1834 1096 1894 sunt
1128 1829 1296 1893 habuerint

106 1954 131 1994 15
149 1955 315 2019 prosperos
339 1956 463 2002 cursus.
486 1939 563 2002 haeo
587 1938 669 2001 enirn
693 1957 748 2019 pro
769 1938 903 2002 summis
921 1938 1012 2002 bonis
1032 1937 1115 2020 apud
1133 1936 1294 2019 improbos

150 2043 357 2107 aestimantur
380 2044 411 2106 in
435 2043 558 2107 diuitiis
583 2047 638 2107 aut
660 2045 777 2108 honore
800 2043 916 2126 posita,
942 2063 1021 2125 quae
1045 2047 1150 2106 tamen
1171 2042 1294 2105 nullum
1322 2046 1343 2102 O

149 2151 289 2214 fructum
314 2150 353 2213 ad
376 2150 504 2213 laudem
530 2149 662 2215 uirtutis
692 2151 867 2217 conferunt.
899 2153 1065 2232 propterea
1092 2149 1294 2231 insipientiae

150 2256 331 2320 defensores
369 2257 518 2321 uidentur
554 2258 657 2338 (qui)
694 2256 825 2321 uirtutis
862 2259 1035 2320 amatorem
1072 2274 1294 2338 prosperorum

150 2383 278 2428 munere
303 2382 372 2427 esso
395 2363 586 2441 fraudatum,
612 2364 667 2446 qui
690 2383 781 2428 omne
804 2364 922 2428 bonum
941 2363 1171 2445 temporalibus
1190 2361 1314 2446 magis-

104 2490 131 2530 20
150 2492 243 2553 quam
267 2472 429 2554 perpetuis
453 2471 683 2536 aestimandum
707 2476 830 2555 putant,

14 2570 102 2653 ,116
195 2578 279 2658 Quid
303 2579 460 2660 estquod
486 2577 572 2642 Sem
597 2579 831 2661 etlapheth
855 2578 1149 2642 uestimentum
1173 2577 1293 2657 impo-
1320 2581 1344 2633 D

151 2687 323 2749 suerunt
346 2703 468 2766 supra
490 2704 648 2749 umeros
674 2704 768 2749 suos
794 2688 833 2749 et
854 2686 1121 2766 porrexerunt
1148 2685 1293 2746 retror-

150 2811 234 2856 sum
259 2795 298 2856 et
322 2794 574 2873 operuerunt
597 2792 741 2855 nudum
765 2794 921 2872 patrem
946 2793 985 2855 et
1007 2810 1081 2855 nou
1100 2789 1294 2853 uiderunt

149 2898 412 2962 nudationem
455 2898 566 2963 eius?
606 2898 715 2963 littera
757 2898 936 2962 euidentem
972 2897 1101 2981 pietatis
1140 2895 1295 2977 expressit

105 3022 131 3062 as
149 3004 308 3082 affectum,
333 3004 417 3085 quod
440 3005 595 3069 nudatum
619 3005 736 3070 amictu
761 3008 883 3088 patrem
906 3004 981 3069 boni
999 3003 1058 3067 filii
1076 3003 1184 3067 uidero
1204 3021 1294 3066 oaue·
1320 3007 1342 3060 Ε

148 3114 231 3189 runt,
257 3130 295 3174 no
317 3113 447 3192 patema
465 3112 642 3176 reuerentia
662 3113 714 3176 uel
732 3113 802 3195 ipso
822 3112 1018 3176 minueretur
1036 3113 1177 3194 aspectu,
1198 3109 1294 3190 siqui·

150 3217 220 3280 dom
253 3217 349 3281 etiam
381 3217 479 3282 tacito
513 3220 607 3282 uultu
643 3218 745 3300 pietas
782 3218 960 3300 frequenter
997 3217 1175 3283 offenditur.
1212 3216 1294 3281 undo

237 3462 269 3514 21
292 3461 358 3516 Gen.
379 3463 403 3527 9,
423 3464 457 3516 23
476 3463 555 3517 Philo
576 3462 686 3528 Quaesl.
706 3463 785 3516 1172

184 3618 261 3670 lest
280 3617 438 3686 disciplinae
457 3618 490 3670 M
541 3618 674 3671 isolatio
695 3619 761 3672 lo'bro'
808 3619 945 3673 4deliota
965 3624 992 3685 (a
1010 3636 1043 3673 ero
1062 3622 1089 3686 o)
1108 3621 1136 3673 P
1188 3622 1293 3675 bacol·

149 3705 228 3760 diss&
246 3707 274 3759 P
293 3711 372 3772 (corr.
392 3711 449 3775 m2)
472 3706 531 3759 OM
618 3708 766 3762 linolinet
784 3709 861 3761 Posi
879 3708 1026 3762 inclinetur
1044 3709 1125 3762 Pma
1144 3715 1192 3763 oet.
1265 3710 1294 3763 in

147 3794 238 3847 PT‘B
257 3795 292 3848 ad
311 3801 357 3849 eet.
422 3795 782 3865 8prosequendaDNGM
840 3795 873 3850 10
891 3813 978 3851 mores
997 3799 1124 3867 putatB
1180 3800 1212 3852 13
1231 3816 1293 3868 pro-

148 3883 230 3936 fuerit
247 3884 307 3953 (pro
326 3903 347 3937 s.
365 3887 404 3951 oo.)
424 3885 452 3938 P
519 3885 552 3939 18
572 3884 695 3948 sidentur
711 3885 739 3938 P
758 3889 786 3951 (u
804 3902 825 3939 s.
845 3903 857 3949 s
877 3891 933 3951 ru2)
953 3886 1080 3941 uidentur
1102 3888 1134 3940 T‘
1153 3887 1182 3958 (u
1197 3905 1243 3955 pr.
1263 3888 1294 3941 iu

149 3978 216 4038 roo.)
326 3972 373 4040 qui
393 3972 458 4026 odd.
479 3992 495 4024 α
585 3974 617 4027 21
642 3972 755 4041 iapheth
773 3974 801 4026 P
822 3973 910 4026 iafeth
932 3974 964 4026 T‘
988 3974 1056 4028 iafet
1074 3975 1111 4027 M
1132 3975 1227 4043 iaphet
1245 3981 1293 4030 eet.

148 4062 182 4114 22
202 4077 281 4130 super
299 4061 333 4115 N
400 4061 525 4114 humeros
545 4061 610 4115 libri
659 4063 693 4116 25
713 4062 883 4115 amiotumP
901 4065 937 4131 (m
954 4064 1099 4128 alimus.)
1154 4065 1188 4117 27
1207 4065 1293 4119 tacito

147 4150 228 4202 uultu
248 4149 331 4203 etiam
349 4151 378 4202 B
