3008 4666
230 225 297 289 406
701 222 899 276 Ambrosii

230 436 324 498 posse
357 418 528 492 committi3
562 421 733 499 potuerunt
766 418 849 483 enim
879 422 912 484 et
933 421 1078 501 parentes
1104 420 1141 483 de
1165 419 1231 485 filio
1256 420 1377 485 discere
1441 426 1466 478 1)

231 524 315 605 quod
339 524 517 588 didicerunt
540 525 660 606 posteri
684 525 721 589 de
745 529 884 608 parente.

175 628 219 691 34
273 630 366 694 Nunc
391 631 628 696 consideremus
653 651 715 714 qua
747 652 843 697 causa
875 633 987 697 dixerit
1020 633 1111 697 deus:
1146 633 1273 698 omnis
1307 635 1375 715 qui
1438 637 1461 691 E

231 737 436 802 occiderit
460 738 556 803 Cain
591 739 748 822 septies
782 739 1010 804 uindictam
1044 741 1234 804 ensoluet
1258 743 1290 804 et
1314 760 1377 823 qua

229 845 349 909 ratione
383 846 511 928 signum
543 864 637 927 super
670 865 741 909 eum
774 844 912 929 ponitur,
945 864 983 909 111
1017 845 1179 910 occidatur
1211 846 1420 927 parricidas

229 970 301 1014 oum
326 955 530 1035 prospectum
554 971 616 1016 non
639 951 745 1030 fuerit,
769 970 807 1016 ne
831 953 980 1017 innocens
1009 952 1215 1018 occideretur.
1241 957 1375 1017 octauus

229 1061 279 1122 est
310 1059 416 1135 homo,
445 1059 541 1122 habet
572 1059 767 1137 rationabile,
798 1078 858 1141 quo
892 1061 1032 1142 praestet
1065 1059 1189 1131 ceteris,
1219 1060 1315 1124 habet
1344 1063 1376 1124 et

228 1165 368 1246 quinque
402 1165 541 1247 corporis
570 1184 693 1241 sensus,
718 1165 814 1230 habet
838 1165 934 1229 etiam
958 1184 1082 1241 uocem,
1107 1165 1204 1228 habet
1227 1169 1259 1230 et
1282 1186 1373 1251 gene·

228 1271 317 1335 randi
342 1272 487 1354 gratiam.
511 1272 589 1336 haec
614 1275 736 1354 septem
760 1273 822 1336 nisi
845 1273 901 1337 illo
921 1272 1101 1337 rationabili
1120 1275 1279 1356 regantur,
1300 1273 1373 1337 sub·
1437 1283 1459 1336 a

227 1377 310 1441 ieota
333 1378 428 1442 morti
451 1381 535 1442 sunt.
561 1381 593 1442 et
614 1379 686 1443 ideo
712 1381 830 1444 stultns
850 1379 883 1442 in
902 1379 952 1442 his
972 1380 1067 1443 habet
1086 1398 1177 1444 omne
1196 1378 1375 1461 periculum
1394 1404 1420 1444 ro

228 1485 289 1551 sui.
315 1486 370 1566 qui
393 1504 466 1569 ergo
490 1484 676 1551 rationabile
699 1487 781 1551 illud
804 1487 945 1552 amiserit
964 1488 1080 1551 frustra
1099 1486 1137 1550 de
1156 1485 1291 1551 istorum
1312 1485 1375 1549 sibi

228 1611 290 1656 usu
314 1593 436 1672 septem
461 1591 633 1656 carnalium
656 1613 824 1658 munerum
842 1595 1031 1659 blandietur.
1056 1593 1278 1656 dissoluuntur
1295 1592 1373 1656 haec

227 1698 343 1778 omnia,
368 1699 429 1763 nisi
462 1700 593 1764 habenis
628 1701 819 1782 quibusdam
851 1701 982 1766 rationis
1011 1701 1164 1765 adstricta
1187 1700 1262 1764 sint.
1287 1719 1373 1763 mors

227 1805 335 1888 itaque
368 1807 499 1872 rationis
532 1812 667 1873 mortem
700 1812 847 1891 operatur
878 1808 1149 1873 inrationabilium
1176 1806 1373 1890 passionum.

228 1913 285 1976 sed
318 1914 399 1979 illud
431 1916 546 1979 melius
580 1915 664 1996 quod
697 1916 854 1997 septimus
887 1935 1038 1979 numerus
1067 1915 1183 1996 quietis
1209 1918 1240 1978 et
1263 1913 1419 1978 remis-15

229 2018 327 2084 sionis
352 2026 410 2084 est.
436 2039 509 2104 ergo
535 2022 590 2103 qui
605 2021 668 2107 ‘alii
691 2040 752 2085 non
776 2020 953 2103 pepercerit
975 2021 1133 2103 peccatori
1157 2023 1188 2084 et
1206 2038 1323 2083 munus
1344 2020 1374 2083 ei

228 2126 424 2190 remissionis
457 2132 659 2210 peccatorum
692 2127 844 2193 inuiderit
875 2128 944 2210 ipse
973 2128 1035 2191 sibi
1063 2146 1152 2210 spem
1174 2126 1373 2191 remissionis

174 2227 217 2290 35
229 2233 350 2314 eripiet,
376 2238 408 2297 et
431 2235 491 2298 erit
514 2235 545 2299 in
569 2254 605 2299 eo
629 2235 698 2318 pari
728 2254 876 2300 mensura
908 2235 1050 2299 uindicta
1073 2235 1111 2298 de
1144 2235 1254 2319 gratia.
1288 2233 1373 2314 quod

228 2343 335 2402 autem
369 2340 496 2424 signum
528 2341 638 2425 posuit
670 2360 765 2424 super
797 2341 883 2416 Cain,
917 2360 956 2404 ne
989 2340 1060 2423 quis
1094 2359 1167 2403 eum
1205 2339 1372 2415 occideret,

227 2446 387 2510 reflectere
419 2447 524 2511 uoluit
556 2450 710 2511 errantem
742 2452 774 2511 et
805 2446 957 2511 beneficio
990 2466 1048 2510 suo
1081 2446 1217 2509 inuitare
1241 2445 1281 2508 ad
1305 2463 1371 2509 cor·
1385 2455 1496 2510 112221

227 2553 411 2630 rectionem3
431 2553 511 2636 ipsis
531 2554 614 2618 enim
633 2573 690 2618 nos
706 2554 832 2618 tacilius
852 2553 1050 2617 committere
1070 2553 1220 2629 solemus,
1236 2571 1370 2633 quorum

227 2660 381 2725 habemus
405 2661 550 2744 gratiam.
575 2680 633 2726 neo
657 2664 760 2725 tamen
785 2681 899 2745 magna
922 2660 1078 2736 concedit,
1104 2660 1157 2724 sed
1183 2659 1216 2723 in
1240 2678 1276 2723 eo
1299 2658 1370 2740 ipso

226 2766 461 2849 inprudentiam
493 2767 675 2849 insipientis
708 2768 885 2845 ulciscitur,
920 2768 974 2849 qui
1003 2787 1074 2832 oum
1099 2770 1184 2830 esset
1206 2764 1370 2847 perpetuis

228 2873 394 2954 suppliciis
427 2874 592 2953 obnoxius,
624 2894 685 2939 non
717 2875 838 2939 remitti
871 2875 932 2938 sibi
964 2894 1095 2956 poenam
1129 2871 1286 2956 poposcit,
1315 2870 1371 2934 sed

227 2980 328 3042 uitam
366 2981 503 3062 corporis
540 2981 635 3046 huius
678 2982 905 3065 obsecrandam
942 2982 1080 3064 putauit,
1119 2981 1151 3044 in
1194 2999 1256 3062 qua
1295 2978 1370 3060 plus
1388 2999 1414 3039 aa

227 3104 392 3150 aerumnae
426 3090 475 3151 est
508 3108 603 3169 quam
627 3090 811 3170 uoluptatis.
836 3108 920 3153 mors
946 3089 1029 3153 enim
1052 3107 1115 3151 una
1137 3092 1188 3152 est
1210 3087 1242 3149 in
1266 3103 1370 3149 seces·

228 3194 315 3257 sione
349 3195 470 3259 animae
504 3199 534 3258 et
568 3195 707 3277 corporis
733 3198 765 3260 et
787 3196 818 3258 in
842 3195 903 3259 fine
928 3196 1022 3260 istius
1046 3196 1143 3272 uitae,
1169 3212 1247 3275 quae
1272 3191 1370 3256 simul

226 3302 263 3362 ut
281 3301 379 3377 uenit,
400 3319 508 3365 omnes
529 3301 666 3381 corporis
687 3302 811 3366 dolores
826 3301 957 3378 auferre,
978 3321 1039 3366 non
1056 3319 1171 3384 augere
1191 3297 1368 3363 consueuit.
1432 3310 1454 3364 B

172 3435 178 3443 ¹
226 3409 331 3471 metus
355 3426 441 3484 uero,
467 3408 521 3489 qui
546 3407 625 3471 hanc
650 3409 750 3471 uitam
782 3408 967 3472 uiuentibus
1000 3408 1179 3490 frequenter
1204 3406 1368 3489 ingruunt,

226 3514 414 3591 maestitiae,
440 3515 574 3589 dolores,
599 3516 737 3599 gemitus
771 3514 951 3597 diuersique
980 3512 1370 3596 c1·uoiatus,grauitatum
1389 3539 1415 3579 so

316 3742 332 3794 6
351 3741 430 3793 Philo
451 3741 527 3806 Quod
548 3741 601 3794 det.
622 3742 893 3811 1111111461223,
916 3743 961 3806 18;
981 3743 995 3794 Ι
1014 3744 1075 3806 296,
1094 3744 1110 3796 6
1133 3743 1172 3811 0.)
1247 3744 1279 3798 15
1301 3742 1367 3798 Gen.

226 3831 251 3895 2,
271 3831 286 3882 2
344 3831 376 3883 19
395 3830 461 3884 Gen.
481 3832 506 3893 4,
528 3833 560 3884 15
578 3832 658 3884 Pnilo
679 3831 788 3896 Quaest.
808 3832 821 3884 I
841 3833 874 3885 76

263 3957 278 4008 7
297 3957 419 4022 praestat
438 3958 461 4021 (t
480 3957 529 4009 alt.
547 3974 568 4009 s.
587 3963 627 4023 a.)
647 3959 689 4022 M,
702 3957 771 4024 fort.
790 3963 860 4011 recte
901 3960 916 4011 9
935 3958 1083 4011 subiectam
1098 3959 1132 4011 M
1151 3964 1175 4011 et
1195 3962 1231 4022 (m
1251 3959 1372 4027 eras.)S

228 4043 260 4095 10
279 4045 373 4096 mortis
393 4043 415 4096 S
465 4045 497 4098 16
516 4046 668 4114 pepercerit
685 4046 764 4101 Mora.
784 4047 1020 4116 1439911111111
1039 4053 1085 4103 cet.
1155 4049 1188 4100 22
1208 4063 1258 4101 1111
1275 4050 1370 4103 tamen

228 4172 249 4184 ..
264 4131 480 4200 .inprudentiam
498 4150 549 4187 ooo.
568 4133 605 4186 M
