3008 4666
314 250 356 303 De
375 248 433 303 Noe
456 251 495 304 13.
517 251 558 313 14,
578 249 683 303 stt-48
722 250 743 313 (l
765 250 815 303 246
835 250 947 303 Α-217
967 252 1010 318 A).
1175 253 1240 316 445

90 444 125 509 si
163 445 359 510 feceritis
399 465 498 527 quae
537 465 607 529 ego
644 446 854 529 praecipio
888 445 1018 510 uobis.
1056 447 1132 509 iam
1165 466 1238 511 non

91 550 224 616 dicam
247 571 318 616 uos
344 571 496 617 seruos.
527 552 695 617 mandatur
719 571 802 636 ergo
817 556 854 617 ut
877 552 988 629 amieo,
1013 553 1180 616 mandatur
1203 557 1241 616 ut

91 658 121 723 ei
145 658 199 741 qui
224 658 332 723 ualida
355 660 496 735 caritate,
522 659 626 724 sobrio
651 659 782 724 oonsilio
808 677 887 740 quae
911 659 1059 722 mandata
1077 662 1152 723 suut
1172 678 1239 723 exe-

91 770 218 847 quatur.
243 784 300 830 neo
324 766 439 830 fefellit
462 766 624 829 dominum
652 765 807 830 iudicium
835 785 939 830 suum.
972 764 1107 847 inpleuit
1131 766 1238 830 iustus

58 872 252 948 anniuersa,
278 893 339 937 non
363 877 497 955 partem,
522 873 578 936 sed
601 872 749 936 uniuersa
773 892 852 954 quae
875 873 1023 936 mandata
1047 876 1121 936 sunt
1144 872 1182 950 ei,
1208 875 1238 936 st
1265 885 1292 936 Ι)

91 978 164 1044 ideo
198 980 372 1063 scripturae
405 980 530 1043 diuinae
558 979 674 1060 accipit
701 979 927 1044 testimonium.
958 998 1016 1043 neo
1043 978 1237 1061 superfluum

92 1088 188 1168 putes
212 1086 287 1167 quia
311 1086 407 1150 simul
430 1087 539 1169 posuit
565 1087 728 1150 dominum
758 1088 789 1149 et
817 1085 910 1149 deum
935 1105 1074 1149 -nam
1103 1088 1134 1149 et
1162 1086 1240 1149 deus

91 1191 124 1255 in
145 1190 272 1257 domino
292 1196 324 1256 et
343 1192 490 1256 dominus
510 1193 540 1255 in
563 1193 619 1256 deo
635 1230 689 1269 —,
706 1192 763 1256 sed
781 1194 818 1255 ut
835 1191 934 1274 patris
955 1195 987 1256 et
1000 1191 1057 1255 filii
1074 1191 1241 1274 intellegas

93 1317 263 1363 commune
285 1302 500 1382 praeceptum.
530 1298 628 1381 aliqui
652 1302 758 1363 tamen
787 1302 858 1362 ante
886 1318 943 1362 nos
972 1298 1018 1363 sie
1046 1298 1243 1381 interpretati

48 1426 74 1465 ιο
94 1407 181 1483 sunt,
206 1424 243 1469 eo
268 1404 353 1487 quod
376 1405 539 1469 dominum
564 1408 595 1468 et
619 1406 713 1469 leiim
736 1406 796 1470 lroe
823 1405 893 1470 loeo
923 1404 1053 1469 dicendo
1083 1407 1115 1469 et
1142 1405 1244 1468 uindi-

95 1511 197 1576 caturi
221 1514 253 1575 et
275 1511 416 1595 ignoturi
441 1511 598 1595 geminam
623 1512 810 1594 expresserit
828 1514 1017 1595 potestatem
1038 1515 1078 1592 et,
1099 1512 1173 1594 quia
1190 1510 1242 1574 hic

95 1617 239 1685 uindicat
260 1619 350 1699 prius
373 1619 404 1681 in
427 1621 620 1700 peccatores,
644 1618 714 1683 ideo
739 1621 810 1682 ante
834 1618 997 1683 dominnm
1021 1618 1142 1694 dixerit,
1167 1637 1242 1700 quo·
1269 1629 1293 1682 l]

94 1724 180 1788 niam
213 1744 288 1789 uero
322 1728 435 1807 postea
466 1726 503 1788 ut
530 1724 609 1788 iusti
637 1723 841 1788 seminarium
868 1726 1061 1807 propagetur
1086 1721 1242 1806 indulget,

96 1830 168 1895 ideo
192 1831 287 1895 deum
305 1834 418 1914 postea
436 1830 656 1895 nominauerit.
681 1830 813 1912 denique
832 1831 973 1894 facturus
993 1830 1143 1893 mundum
1165 1830 1243 1893 (leus

56 1936 231 2001 adicitur:
256 1937 297 2001 in
329 1938 536 2021 principio
570 1939 672 2002 feeit
705 1938 801 2002 deus
836 1939 989 2002 eaelum
1019 1941 1057 2001 et
1085 1940 1242 2003 terram.

95 2046 135 2107 et
165 2043 270 2108 dixit
295 2044 410 2109 deus:
434 2045 512 2108 fiat
536 2045 611 2109 lux.

10 2163 47 2225 18
139 2150 199 2214 Est
227 2150 323 2215 etiam
351 2151 407 2214 illa
434 2170 494 2215 non
523 2151 737 2232 perfunctoria
765 2150 984 2229 oonsidemtin,
1014 2151 1100 2232 quod
1121 2169 1243 2214 sesoen-
1270 2163 1292 2215 F

96 2256 212 2322 tesimo
252 2276 331 2322 anno
369 2257 438 2322 Noe
477 2267 610 2330 <mense
644 2258 804 2340 septimo>
837 2257 1012 2322 uicensima
1045 2260 1077 2321 et
1109 2257 1244 2340 septima

95 2363 215 2428 mensis
238 2362 275 2427 fit
298 2364 467 2429 diluuium.
503 2365 675 2448 septimum
703 2385 844 2429 mensem
872 2365 962 2428 uerni
990 2384 1059 2428 esse
1091 2363 1244 2446 temporis

51 2492 77 2531 11
96 2488 157 2534 non
183 2471 365 2555 ambigitur,
390 2471 514 2553 quando
539 2476 697 2554 augentur
720 2471 893 2549 nascentia,
918 2490 991 2554 ager
1013 2471 1158 2554 parturit,
1183 2472 1242 2533 ter·

95 2595 200 2640 ramm
222 2577 341 2658 pariter
365 2581 460 2659 atque
489 2577 696 2641 animantium
725 2578 828 2641 fetura
856 2597 889 2641 se
918 2577 1032 2641 fundit.
1064 2578 1141 2639 tuno
1169 2594 1242 2659 ergo

96 2682 173 2746 feeit
205 2683 375 2759 diluuium,
405 2685 527 2765 quando
558 2684 646 2748 dolor
673 2684 772 2747 maior
800 2703 908 2747 eorum
936 2682 1017 2747 foret
1045 2683 1098 2764 qui
1125 2682 1157 2745 in
1186 2686 1338 2746 suemus

96 2789 288 2854 abundantia
300 2791 522 2871 puniebantur,
542 2793 618 2855 tuno
637 2792 717 2855 ultio
738 2790 910 2854 terribilior
927 2793 1089 2869 tamquam
1110 2788 1243 2852 dicentis

96 2895 160 2959 dei:
186 2900 270 2961 ‘eece
300 2897 404 2960 omnia
431 2897 606 2961 seeundum
633 2896 834 2961 liberalitatis
869 2895 994 2959 diuinae
1026 2894 1243 2977 prouidentiae

51 3002 230 3085 engratiam
268 3003 358 3067 diues
394 3006 507 3067 natura
544 3005 717 3084 generauit,
752 3003 857 3066 omnia
888 3003 919 3064 in
952 3021 1047 3065 usum
1079 3001 1243 3065 hominum

186 3227 301 3281 9Plil0
322 3227 431 3294 Quaest.
450 3229 479 3281 II
499 3231 531 3282 16
606 3230 638 3282 15
663 3228 729 3282 Gen.
756 3229 779 3290 1,
806 3230 818 3281 1
840 3229 902 3281 et3
959 3229 991 3282 17
1016 3227 1048 3280 cf.
1074 3225 1139 3282 Gen.
1164 3228 1188 3291 7,
1211 3230 1241 3280 11

97 3315 176 3369 Philo
197 3313 307 3380 Quaest.
330 3317 358 3370 ΙΙ
384 3310 427 3370 17'
471 3318 505 3372 20
524 3318 604 3386 Uerg.
625 3315 722 3385 Georg.
742 3316 770 3368 ll
790 3317 843 3371 330

133 3438 336 3493 211εοῖοΜ
388 3443 419 3493 ut
432 3457 479 3508 pr.
500 3458 549 3494 om.
570 3440 602 3494 N
636 3442 737 3494 boote
755 3441 881 3493 uniuersa
895 3456 939 3508 pr.
959 3455 1015 3492 ras.
1036 3439 1062 3490 P
1115 3438 1162 3491 sed
1181 3439 1240 3491 uni-

97 3543 176 3581 uersa
201 3530 227 3591 (a
250 3533 299 3582 m2
320 3529 352 3581 in
373 3532 441 3596 ras.)
466 3530 494 3581 P
582 3532 597 3583 6
623 3528 731 3582 diuinae
755 3529 903 3598 scripturae
921 3527 948 3580 Β
1056 3529 1161 3596 aceepit
1178 3527 1243 3579 Nl!

98 3614 272 3671 idominum
290 3617 428 3687 posuitB
491 3618 646 3686 {tempestas
665 3617 713 3670 sed
732 3618 824 3686 posuit
889 3618 918 3670 11
939 3616 1060 3684 ignoturi
1084 3616 1241 3685 Tignosci-

96 3704 151 3757 turi
169 3704 197 3759 P
217 3704 266 3773 (soi
284 3720 306 3759 a.
325 3707 365 3773 11.)
382 3710 428 3758 eet.
473 3708 506 3759 12
525 3704 740 3775 priusuindicat
758 3706 785 3759 Β
841 3708 902 3758 ante
922 3721 972 3758 om.
993 3705 1020 3757 Β
1057 3705 1089 3757 16
1110 3704 1173 3756 deus
1193 3704 1241 3756 fiet

98 3792 206 3857 (batia
224 3793 357 3864 ros.)lu1
376 3797 403 3846 et
422 3794 494 3848 faeta
514 3798 555 3847 est
574 3795 601 3846 Β
693 3795 724 3847 17
745 3794 935 3848 sescentesimo
955 3794 981 3845 P
1001 3796 1026 3860 (x
1044 3809 1065 3846 s.
1086 3809 1098 3844 s
1118 3795 1176 3858 ott,
1195 3793 1242 3845 sed

97 3885 178 3948 erue.)
199 3882 394 3937 sexcentesimo
414 3889 460 3937 eet.
536 3884 568 3937 18
588 3899 678 3935 mense
699 3884 814 3952 septimo
836 3883 942 3944 addicti,
962 3899 1053 3936 mense
1072 3881 1188 3934 seeurnlo
1208 3881 1241 3932 M

96 3984 116 4022 s.
136 3987 163 4024 u.
184 3987 218 4024 m.
236 3986 288 4025 reu
353 3970 501 4035 uicensima
520 3973 547 4025 P
566 3972 692 4025 uicesima
712 3977 759 4025 oet.
818 3973 849 4024 19
869 3972 1015 4040 septimum
1034 3971 1099 4024 libri
1117 3971 1147 4041 (.
1168 3970 1180 4022 l
1199 3987 1241 4022 se-

98 4057 213 4111 cundum
232 4058 262 4111 D
281 4064 305 4113 et
324 4062 371 4111 m2
389 4059 426 4126 N,
446 4077 466 4113 s.
488 4061 521 4113 al'
542 4060 687 4113 seeundum
708 4078 741 4113 111,
757 4075 807 4117 ree.
822 4060 867 4125 M)
923 4059 1060 4112 21ietura
1079 4059 1104 4128 (e
1123 4059 1154 4111 tu
1172 4063 1240 4125 ros.)

98 4161 142 4199 se*
154 4147 182 4200 P
236 4148 271 4201 24
288 4147 463 4202 liberalitatis
482 4149 509 4201 P
529 4150 575 4216 (tis
594 4166 614 4202 s.
637 4167 661 4201 11.
683 4155 708 4202 et
728 4149 808 4202 relita
826 4150 857 4201 111
878 4165 932 4201 ros.
952 4151 999 4200 m3
1018 4163 1050 4200 es
1067 4147 1160 4214 rtatis)
