3008 4666
381 162 383 167 ⁵
438 207 478 260 ne
499 207 556 260 roe
577 210 600 270 e,
623 208 656 260 14
695 208 718 273 (1
737 208 788 262 aes
807 206 921 262 n-aer
939 208 982 274 u).
1225 209 1297 276 423.

142 402 251 467 naliter
279 403 360 466 enirn
390 403 512 466 dictum
540 403 674 467 arbitror
702 421 737 467 eo
766 403 850 486 quod
879 422 970 468 onrne
1000 423 1113 487 corpus
1146 407 1293 468 nostrum
1364 459 1369 463 .

145 509 306 574 adtentum
340 513 389 574 est
421 511 504 574 siout
537 510 641 586 nidus,
675 514 712 573 ut
745 510 875 591 spiritus
909 511 1018 575 uitalis
1052 511 1153 576 omnis
1186 514 1293 592 partes

143 617 304 681 uiscerum
336 620 479 700 penetret
512 621 606 698 atque
642 616 679 680 de
707 617 873 699 principali
901 621 1007 682 nostro
1035 617 1147 682 fundat
1175 637 1209 682 se
1237 637 1293 700 per

145 729 232 787 artus
256 723 410 806 singulos.
435 723 501 786 nidi
526 723 654 804 quidam
679 727 754 787 suut
776 725 859 788 oculi
878 724 989 799 nostri,
1011 725 1125 807 quibus
1146 743 1179 788 se
1199 728 1294 787 uisus

113 853 125 890 s
144 830 266 893 inserit.
290 828 355 892 nidi
375 831 450 892 sunt
469 830 648 892 nostrarum
669 829 758 892 sinus
783 829 916 905 aurium,
936 850 992 911 per
1011 850 1089 912 quos
1108 849 1143 894 se
1162 830 1292 894 auditus

145 935 284 1000 iufundit
313 938 344 999 et
372 934 463 998 uelut
489 934 520 998 in
549 935 674 999 ferream
704 936 801 999 altam
829 936 935 1001 deicit.
962 938 1057 1002 nidus
1086 940 1135 1002 est
1157 938 1290 1017 narium,

146 1044 199 1125 qui
225 1043 263 1107 ad
291 1061 324 1106 se
355 1042 483 1106 odorem
512 1041 661 1106 adtrahit.
690 1042 783 1106 nidus
813 1046 863 1107 est
890 1047 1021 1124 quartus
1049 1044 1149 1108 maior
1176 1044 1291 1108 ceteris
1319 1051 1342 1103 Ε

144 1152 251 1214 hiatus
281 1149 354 1227 oris,
383 1149 414 1212 in
445 1167 505 1230 quo
534 1149 673 1213 nutritur
701 1149 800 1215 donec
829 1151 991 1215 adolescat
1021 1170 1114 1234 sapor
1146 1154 1178 1216 et
1209 1152 1294 1216 unde

146 1277 208 1322 uox
236 1259 353 1332 errolat
381 1257 412 1319 in
444 1275 505 1338 quo
534 1256 613 1319 latet
640 1256 759 1340 lingua,
789 1276 869 1338 quae
896 1258 989 1321 uelut
1016 1278 1169 1342 organum
1201 1259 1294 1324 uoois·

102 1385 126 1423 ro
147 1383 241 1428 sonos
269 1365 338 1428 eius
363 1363 476 1427 artifici
500 1364 659 1427 suauitate
687 1363 869 1428 modulatur
892 1368 934 1442 et,
959 1383 1030 1428 curn
1055 1366 1098 1429 sit
1120 1365 1190 1448 ipsa
1213 1367 1293 1431 inra-

146 1472 317 1544 tionabilis
355 1470 575 1534 rationabilem
611 1490 722 1534 uocem
761 1471 915 1553 exprimit.
953 1472 1045 1536 nidus
1084 1476 1134 1536 est
1165 1475 1294 1537 emicra-

147 1579 245 1654 nium‚
269 1577 363 1641 nidus
388 1580 437 1640 est
460 1578 643 1641 membrana
665 1578 731 1654 illa,
756 1597 836 1658 quae
860 1579 1022 1641 cerebrum
1046 1578 1135 1643 fouet
1158 1583 1189 1643 et
1211 1581 1295 1642 iutra

148 1703 182 1749 se
215 1684 351 1748 cohibet.
391 1683 456 1746 uidi
490 1686 564 1748 sunt
596 1684 721 1748 uiscera
753 1684 912 1765 pulmonis
946 1688 978 1748 et
1010 1683 1123 1750 cordis.
1160 1685 1293 1768 spiritus

148 1792 275 1874 quidem
300 1791 410 1867 nostri,
434 1792 494 1855 hoc
519 1794 568 1854 est
592 1791 660 1854 eius
685 1811 778 1872 quem
803 1791 962 1872 carpimus
987 1794 1019 1854 et
1042 1811 1103 1873 quo
1128 1792 1241 1856 alimur
1260 1793 1291 1855 iu

104 1917 128 1955 1⁵
147 1901 206 1963 hac
229 1900 307 1974 nita,
335 1897 428 1960 nidus
453 1900 502 1961 est
524 1897 645 1979 pulmo,
670 1898 833 1980 sanguinis
857 1901 964 1962 autern
988 1903 1020 1961 et
1043 1897 1175 1980 spiritus
1199 1899 1292 1963 nidus
1320 1900 1344 1956 Β
1383 1945 1387 1954 .

149 2009 283 2070 osteor.
309 2004 369 2068 duo
395 2006 470 2068 sunt
494 2004 576 2067 enim
602 2005 669 2068 eius
694 2006 787 2081 uteri,
816 2023 898 2068 uuus
919 2024 980 2085 quo
1000 2005 1184 2088 sanguinem
1203 2007 1297 2069 uelut

149 2112 285 2194 quodam
305 2111 375 2175 sinu
396 2111 532 2192 suscipit
551 2113 583 2174 et
601 2111 794 2174 transfundit
812 2111 843 2174 in
862 2109 970 2188 1111111,
991 2112 1070 2176 alter
1089 2130 1150 2193 quo
1169 2111 1292 2194 rigatus

148 2237 183 2282 111
207 2219 263 2282 illo
289 2218 448 2300 superiore
473 2217 602 2281 deducit
625 2218 656 2280 in
681 2218 810 2281 arterias
834 2218 902 2302 iugi
925 2220 1042 2282 meatu.
1068 2237 1141 2282 ossa
1164 2237 1291 2300 quoque

147 2325 302 2388 ualidiora
333 2323 424 2388 nidos
458 2323 591 2393 babent:
625 2325 700 2385 sunt
732 2322 815 2385 euim
847 2323 934 2386 intus
965 2326 1085 2397 cauata,
1114 2323 1146 2386 in
1175 2323 1292 2405 quibus

103 2451 128 2488 oo
147 2430 355 2494 foraminibus
385 2433 433 2492 est
461 2428 611 2491 medulla.
641 2429 671 2491 in
700 2428 877 2492 uisceribus
901 2429 980 2512 ipsis
1003 2430 1201 2494 mollioribus
1225 2429 1291 2492 nidi

147 2536 330 2618 cupiditatis
347 2539 402 2599 aut
418 2535 534 2600 doloris
555 2538 637 2599 sunt.
659 2535 771 2598 etalio
790 2535 817 2598 si
838 2535 908 2616 quis
929 2536 1115 2612 consideret,
1135 2542 1167 2600 et
1183 2537 1292 2617 plures

146 2643 235 2706 nidos
259 2642 417 2725 repperiet
440 2642 471 2705 in
496 2642 554 2704 hac
578 2641 697 2705 fabrica
720 2643 850 2706 humaui
874 2642 1024 2724 corporis,
1051 2642 1133 2706 unde
1157 2649 1234 2724 puto
1260 2645 1292 2706 et

145 2750 236 2813 illum
268 2750 300 2811 in
332 2749 453 2831 psalmo
487 2768 547 2813 uon
582 2749 686 2812 solum
719 2748 863 2831 mystice,
898 2748 953 2813 sed
981 2749 1076 2812 etiam
1105 2749 1292 2813 naturaliter

147 2855 278 2920 dixisse:
309 2856 447 2920 etenim
475 2875 606 2938 passer
634 2856 782 2920 inuenit
810 2856 883 2919 sibi
916 2856 1061 2919 domurn
1096 2860 1131 2920 et
1162 2859 1290 2921 turtur

102 2982 128 3021 11
147 2962 275 3025 nidum
305 2963 392 3038 sibi,
418 2963 481 3026 ubi
509 2967 666 3044 reponat
687 2963 818 3057 pullos
848 2982 945 3026 suos.
981 2968 1030 3026 est
1058 2964 1139 3026 eninr
1169 2963 1232 3026 ianr
1256 2963 1387 3027 1112341

147 3067 206 3131 lroc
235 3087 363 3149 corpore
386 3069 479 3132 nidus
503 3069 686 3150 pudicitiae,
710 3069 742 3132 in
767 3088 828 3150 quo
854 3072 920 3133 erat
943 3069 1037 3134 nidus
1060 3069 1295 3145 inrationabilis

147 3174 431 3256 concupiscentiae.
457 3174 511 3237 sed
531 3174 587 3238 ubi
606 3177 677 3238 ante
697 3179 806 3257 partus
828 3174 982 3240 deformes
1001 3176 1161 3240 nutriebat
1178 3175 1289 3252 libido,

234 3434 249 3515 a
271 3433 349 3502 Uerg.
369 3432 436 3488 ren.
456 3433 494 3485 vr
514 3434 565 3488 rao
620 3435 655 3487 24
673 3435 772 3487 usarii.
793 3435 929 3487 uxrxur
951 3439 967 3488 4
1040 3410 1042 3415 ’

181 3574 197 3627 2
217 3590 308 3626 ornnes
331 3572 421 3625 PNB
440 3579 464 3626 et
485 3578 509 3637 (e
529 3590 562 3626 ea
580 3573 599 3639 i)
620 3574 675 3627 PT
727 3576 745 3627 4
764 3575 885 3643 singulos
906 3579 979 3628 artus
999 3576 1026 3628 Β
1098 3575 1157 3628 nidi
1178 3575 1288 3644 quidam

145 3665 208 3714 sunt
227 3662 298 3715 oculi
317 3679 366 3716 om.
382 3662 408 3714 P
426 3663 457 3714 iu
476 3668 551 3714 territo
567 3663 671 3731 11111119.
688 3667 729 3715 1111
747 3663 820 3716 nidi.
834 3705 838 3714 .
852 3705 856 3715 .
869 3665 968 3727 nostri;
987 3665 1073 3717 nostri
1087 3665 1118 3716 in
1133 3670 1208 3718 textu
1222 3665 1290 3730 del.)

145 3750 274 3805 binsern't
293 3751 332 3804 ed.
352 3751 430 3804 Reor.
451 3751 565 3803 inseruit
585 3751 650 3804 lton-t
742 3753 771 3804 ll
794 3753 967 3805 emicraniunr
985 3753 1038 3805 Pu
1058 3754 1241 3822 emigraneam
1264 3754 1292 3806 Τ

145 3839 365 3892 onucraniuruN
420 3840 453 3892 13
472 3855 500 3892 se
524 3839 591 3903 ΤΒ,
612 3856 662 3893 ooo.
683 3847 729 3894 cet.
797 3842 828 3894 15
848 3841 918 3894 hano
937 3841 1021 3893 uitam
1039 3842 1093 3894 PB
1162 3844 1194 3896 16
1215 3843 1287 3896 enirn

143 3943 194 3980 ooo.
214 3928 241 3980 B
316 3929 347 3980 17
367 3929 447 3997 rigat'
471 3928 500 3981 Τ
521 3929 626 3998 rigatur
644 3930 670 3983 B
750 3931 780 3982 18
800 3930 931 3999 superiori
951 3930 984 3982 N
999 3931 1136 3999 superiore
1156 3934 1183 3984 et
1201 3931 1228 3983 P
1248 3934 1289 3990 (et

143 4033 164 4068 a.
183 4033 210 4069 a.
230 4016 287 4084 m3)
309 4015 367 4068 PB
458 4017 491 4069 21
512 4020 540 4068 et
560 4018 608 4070 alt.
628 4017 662 4080 P,
682 4034 750 4070 crus.
775 4019 815 4080 T',
835 4035 886 4071 oro.
910 4018 960 4070 ΤΒ
980 4019 1059 4071 etiarn
1080 4018 1110 4071 N
1178 4021 1214 4072 24
1233 4020 1287 4073 sibi

145 4105 251 4157 inuenit
270 4105 297 4156 B
352 4107 385 4159 25
405 4104 458 4157 sibi
477 4122 528 4158 om.
549 4106 575 4156 Β
631 4107 664 4159 21
683 4107 854 4160 nutribatT
917 4140 919 4143 -
