3008 4666
360 258 402 311 De
421 256 480 311 Noe
499 259 541 312 32.
561 258 604 322 33,
625 257 764 315 121-125
803 257 827 320 (Ι
845 257 897 310 276
917 255 1028 310 Α-277
1048 259 1091 322 A).
1229 257 1294 320 495

148 453 250 518 ebrios
275 454 376 518 fecere
400 453 542 531 diuitiae,
566 453 716 517 nobilitas
741 455 772 516 et
795 455 937 535 potestas
962 452 1125 533 superbos,
1156 450 1294 532 pulchri·
1320 459 1345 513 D

146 561 225 624 tudo
259 561 448 636 luxuriosos,
482 560 573 624 euius
607 560 756 644 suffragio
790 559 909 623 alienae
946 559 1061 623 mentis
1099 558 1295 640 corruperint

147 667 336 731 castitatem.
375 684 448 749 ergo
488 686 543 748 pro
582 666 700 729 utentis
738 665 852 730 affectu
889 664 1002 729 horum
1040 683 1124 756 quae
1157 664 1293 727 diximus

146 773 358 837 indifferentia
382 776 440 850 est,
466 792 599 854 quorum
624 792 703 837 usus
728 775 783 837 aut
801 772 977 835 uirtutibus
995 771 1117 854 regitur
1136 772 1191 834 aut
1210 773 1293 834 certe

115 901 127 940 s
149 879 216 944 sine
240 880 468 963 gubernatione
493 880 650 943 uirtutum
673 879 778 942 fraudi
797 897 866 943 esse
885 877 1042 959 incipiunt
1061 897 1140 959 quae
1158 879 1294 959 possunt

149 1005 217 1050 esse
240 986 385 1050 utilitati.

10 1086 102 1169 Ι»,123
191 1093 282 1157 Nune
307 1092 455 1174 quoniam
478 1094 553 1174 post
576 1090 734 1155 diluuium
756 1091 824 1154 Noe
854 1090 969 1154 dicitur
996 1090 1114 1154 uixisse
1142 1088 1293 1153 trecentis
1320 1091 1343 1144 Ε

148 1203 180 1263 et
211 1199 442 1282 quinquaginta
474 1199 561 1262 armis
595 1217 794 1280 nequaquam
830 1198 1093 1279 praetereundum
1130 1200 1292 1279 putamus.

146 1326 218 1369 nam
242 1306 273 1368 in
296 1305 448 1369 trecentis
474 1323 600 1368 crucem
625 1303 743 1369 Christi
768 1303 938 1386 significari
963 1306 1082 1367 certum
1113 1306 1172 1381 est,
1201 1303 1292 1367 euius

102 1435 128 1475 ιο
146 1415 221 1494 typo
245 1412 351 1475 iustus
377 1430 394 1473 a
418 1410 540 1474 diluuio
563 1410 718 1474 liberatus
743 1411 801 1475 est.
826 1409 857 1472 in
882 1410 1110 1494 quinquaginta
1127 1410 1293 1473 iubelaeus

147 1522 196 1582 est
218 1537 369 1581 numerus
393 1517 600 1594 remissionis,
625 1535 687 1597 quo
712 1516 842 1597 spiritus
867 1519 996 1579 sanctus
1020 1516 1139 1579 missus
1164 1535 1182 1578 a
1206 1517 1292 1580 caelo

147 1627 197 1688 est
233 1625 367 1706 gratiam
405 1623 551 1686 humanis
587 1622 769 1703 pectoribus
806 1621 985 1685 infundens.
1023 1622 1161 1703 perfecto
1194 1622 1294 1706 igitur

147 1749 276 1794 numero
299 1730 496 1795 remissionis
521 1733 553 1795 et
582 1729 700 1813 gratiae
728 1729 833 1792 iustus
864 1727 1055 1792 curriculum
1082 1729 1168 1792 uitae
1195 1728 1291 1792 huius
1318 1741 1341 1794 F

36 1831 102 1893 124
147 1835 303 1917 impleuit.
342 1836 380 1899 de
409 1836 611 1919 generatione
639 1836 743 1917 inquit
769 1836 918 1919 iapheth:
951 1835 1087 1899 Rodus
1120 1837 1158 1898 et
1185 1836 1291 1899 aliae

106 1938 309 2006 rsin'sulae
343 1943 553 2008 nationum
586 1945 690 2006 sunt.
723 1962 784 2007 non
816 1942 963 2006 inmerito
995 1942 1132 2007 latitudo
1166 1942 1292 2019 dicitur,

147 2050 280 2130 quando·
304 2051 399 2113 etiam
431 2050 462 2112 in
492 2050 623 2114 alteram
651 2053 772 2131 partem
801 2053 942 2126 naturae,
970 2050 1030 2113 hoc
1059 2052 1108 2113 est
1135 2049 1293 2113 maritima

147 2142 307 2237 generatio
341 2156 409 2218 eius
441 2155 607 2238 processit.
640 2174 715 2219 uere
748 2157 830 2219 enim
863 2160 1026 2236 tamquam
1057 2154 1192 2219 latitudo
1229 2175 1290 2220 non

145 2260 207 2326 fuit
235 2281 271 2326 eo
302 2265 457 2340 contenta,
488 2262 571 2343 quod
599 2263 632 2325 in
659 2282 755 2326 usum
783 2262 964 2327 hominibus
997 2264 1110 2326 natura
1140 2263 1291 2345 praescri-

144 2373 261 2450 pserat,
290 2368 351 2433 hoe
381 2370 429 2431 est
456 2370 557 2431 terrae
584 2367 796 2450 possessione,
825 2387 938 2432 uerum
971 2368 1067 2431 etiam
1098 2366 1292 2450 introgressa

100 2501 127 2541 ao
146 2479 196 2540 est
219 2495 314 2552 mare,
340 2474 378 2537 ad
401 2474 522 2537 insulas
546 2492 648 2555 usque
672 2473 838 2556 processit.
863 2473 923 2537 hoo
948 2473 1121 2537 secundum
1139 2473 1289 2536 litteram.

34 2575 97 2640 125
145 2581 321 2645 secundum
355 2580 497 2644 altiorem
532 2583 639 2643 autem
671 2598 809 2656 sensum,
844 2598 879 2644 eo
913 2579 999 2661 quod
1031 2598 1068 2643 ea
1095 2598 1175 2660 quae
1204 2582 1290 2643 extra

145 2691 228 2767 sunt,
259 2707 337 2768 quae
365 2687 514 2750 dicuntur
540 2686 631 2761 bona,
662 2686 792 2750 diuitiae
819 2688 995 2767 potestates
1024 2687 1167 2764 honores,
1197 2687 1388 2768 quasi277A

144 2794 362 2858 diffunduntur
384 2794 481 2857 latius
508 2812 565 2857 nec
587 2795 712 2857 tantum
736 2792 785 2856 his
810 2793 949 2857 contenti
970 2796 1045 2856 sunt
1063 2793 1180 2857 diuites
1208 2812 1288 2874 quae

142 2902 174 2963 in
193 2902 339 2965 manibus
360 2905 392 2965 et
409 2902 441 2964 in
462 2904 635 2983 conspectu
658 2903 743 2978 suut,
768 2900 824 2964 sed
845 2901 941 2984 longe
964 2902 1089 2982 lateque
1109 2900 1289 2965 diffundunt

97 3035 124 3075 25
144 3025 217 3069 suas
242 3007 443 3086 cupiditates
469 3008 544 3071 dum
568 3011 624 3071 aut
646 3007 852 3089 pecuniarum
872 3007 1080 3089 conpendium
1102 3007 1140 3070 de
1161 3008 1288 3073 ulterio-

141 3112 229 3176 ribus
254 3112 416 3195 quaeritur
439 3116 494 3176 aut
517 3114 616 3179 honor
634 3134 652 3177 a
669 3113 816 3195 pluribus
836 3116 891 3177 aut
908 3116 1051 3196 potestas
1071 3114 1215 3179 diffusior
1234 3117 1289 3180 aut

144 3218 312 3301 cupiditas.

232 3462 246 3513 7
273 3460 339 3513 Gen.
367 3462 391 3524 9,
418 3461 452 3514 28
477 3461 557 3515 Philo
585 3459 696 3525 Quaest.
721 3462 751 3515 Π
776 3462 810 3516 78
902 3462 935 3515 14
962 3461 1028 3516 Gen.
1050 3463 1092 3527 10,
1110 3464 1129 3516 4
1148 3480 1186 3533 sq.
1206 3464 1286 3517 Philo

143 3549 252 3614 Quaest.
272 3548 352 3602 1180

177 3692 193 3743 2
211 3691 361 3744 luxuriosos
372 3692 407 3765 ¹P
424 3690 464 3762 (os
480 3691 528 3770 adt.
545 3708 578 3745 ex
592 3709 623 3745 us
638 3696 695 3759 m2)
715 3692 803 3746 T‘NC
856 3691 1013 3761 suffragatio
1028 3693 1089 3747 DN
1141 3695 1287 3764 corrupiut

140 3807 170 3859 D
189 3807 307 3876 corrupit
325 3804 356 3859 N
374 3773 551 3876 corruperint
569 3808 596 3861 B
615 3809 636 3874 (i
654 3808 686 3860 irc
703 3806 772 3877 ros.)
832 3809 850 3861 4
869 3808 1067 3862 indifferentiae
1086 3814 1150 3863 sunt
1167 3810 1290 3865 DNOM

142 3895 175 3948 10
194 3896 251 3965 tipo
266 3894 328 3949 PT‘
401 3895 522 3949 iubeieus
537 3895 650 3950 PDNB
668 3901 693 3949 et
712 3898 737 3961 (e
752 3912 796 3966 pr.
817 3913 850 3950 erc
868 3897 888 3963 i)
909 3897 940 3950 T‘
958 3897 1074 3951 iubileus
1089 3898 1148 3952 CM
1196 3901 1228 3953 11
1245 3905 1287 3955 est

141 4000 157 4036 a
176 3983 249 4037 caelo
267 3985 312 4037 M·
363 3986 397 4038 14
415 3985 482 4038 iafet
504 3985 535 4038 T‘
554 3984 649 4053 iaphet
667 3991 715 4040 cet.
776 3987 808 4039 19
827 4003 899 4039 mare
919 3987 1085 4055 introgressa
1105 3993 1167 4054 (om.
1187 3993 1237 4054 est)
1258 3991 1287 4042 B

183 4073 351 4141 introgressa
369 4075 396 4127 P
414 4075 440 4140 (o
456 4089 488 4128 ex
507 4074 532 4143 a)
594 4075 629 4128 20
649 4077 690 4127 est
710 4074 853 4129 delendum
872 4076 1053 4130 rescindetur
1107 4079 1139 4131 21
1162 4095 1192 4132 co
1213 4079 1286 4148 quod

140 4175 209 4217 eras.
228 4162 266 4225 D,
286 4179 336 4215 orn.
356 4161 389 4215 N
