3008 4666
538 920 658 985 DIES
691 920 904 985 PRIMVS.

94 1044 106 1106 l
195 1043 375 1108 Tantumne
400 1045 557 1127 opinionis
582 1045 799 1127 adsumpsisse
823 1045 977 1121 homines,
1002 1048 1039 1109 ut
1062 1046 1161 1128 aliqui
1184 1065 1292 1110 eorum
1308 1058 1382 1112 Ila

85 1147 108 1186 ⁰¹²
149 1149 210 1213 tria
240 1150 396 1231 principia
429 1152 658 1215 constituerent
691 1151 841 1230 omnium,
875 1152 969 1216 deum
1003 1155 1035 1216 et
1067 1153 1224 1234 exemplar
1260 1155 1332 1220 etB

148 1258 323 1334 materiam
349 1258 433 1321 siout
455 1257 546 1322 Plato
577 1258 792 1340 discipulique
822 1258 901 1335 eius,
927 1263 957 1322 et
986 1277 1023 1323 ea
1050 1260 1232 1340 incorrupta
1259 1261 1291 1322 et

118 1383 130 1421 s
148 1362 287 1426 increata
307 1383 342 1427 ao
357 1364 423 1427 sine
438 1364 527 1429 initio
543 1383 612 1429 esse
632 1365 854 1429 adseuerarent
873 1365 1030 1446 deumque
1049 1384 1110 1429 non
1128 1368 1291 1446 tamquam

149 1472 320 1533 creatorem
344 1471 505 1549 metonae,
531 1471 586 1534 sed
609 1474 771 1552 tamquam
796 1471 948 1535 artifioem
972 1472 1011 1535 ad
1041 1473 1208 1553 exemplar,
1231 1472 1291 1534 hoo

149 1577 200 1638 est
230 1575 334 1640 ideam
365 1577 582 1641 intendentem
614 1577 730 1641 feoisse
763 1577 917 1640 mundum
951 1557 1163 1655 demsterus,
1197 1596 1290 1659 quam

148 1685 266 1744 uocant
289 1679 373 1768 ὕλην,
399 1702 478 1764 quae
503 1683 652 1766 gignendi
676 1703 788 1750 causas
812 1684 906 1747 rebus
931 1685 1076 1748 omnibus
1096 1683 1221 1747 dedisse
1241 1683 1292 1745 ad-

149 1790 281 1865 seratur,
304 1789 410 1870 ipsum
434 1808 558 1871 quoqne
581 1791 734 1855 mundum
756 1791 974 1873 incorruptum
997 1809 1054 1854 neo
1078 1792 1216 1853 orantum
1236 1792 1291 1852 aut
1310 1795 1369 1848 2A

105 1917 129 1954 ro
147 1894 269 1958 factum
289 1895 502 1973 aestimarent,
518 1897 572 1959 alii
592 1916 727 1978 quoque,
747 1899 784 1960 ut
797 1897 987 1961 Aristoteles
1007 1915 1079 1960 curn
1100 1895 1165 1959 suis
1186 1895 1292 1975 dIspu-

147 2001 279 2064 tandum
302 2003 439 2081 putauit,
460 2002 522 2067 duo
545 2003 698 2085 priuoipia
721 2009 881 2085 ponerent,
900 2003 1064 2066 materiam
1088 2005 1120 2065 et
1142 2001 1291 2083 speeiem,

149 2111 181 2171 et
217 2108 349 2171 tertium
386 2128 458 2172 oum
498 2109 559 2182 his,
599 2109 683 2191 quod
721 2110 933 2192 operatorium
971 2108 1096 2186 dieitur,
1130 2108 1181 2172 oui
1218 2109 1292 2172 sub-

87 2207 104 2266 2
148 2217 271 2296 peteret
294 2218 512 2297 competenter
535 2215 659 2279 efficere
683 2217 767 2298 quod
796 2215 1001 2280 adoriendum
1028 2218 1185 2297 putasset.
1214 2215 1291 2296 quid

149 2320 247 2403 Igitur
278 2323 342 2384 tarn
376 2321 601 2386 inoonueniens
635 2342 728 2403 quam
761 2326 798 2386 ut
830 2322 1048 2409 aeternitatem
1081 2321 1184 2407 operis
1218 2340 1290 2384 oum

107 2449 129 2487 15
150 2426 201 2489 dei
238 2427 463 2510 omnipotentis
496 2429 724 2512 coniungerent
760 2428 945 2493 aeternitate
983 2429 1036 2492 uel
1067 2428 1174 2509 ipsum
1211 2447 1290 2510 opus

151 2533 244 2597 deum
277 2553 347 2598 esse
380 2535 529 2616 dicerent,
562 2555 583 2597 u
631 2537 755 2599 eaelum
788 2539 819 2599 et
850 2538 965 2599 terram
997 2538 1028 2599 et
1057 2554 1142 2598 mare
1171 2533 1330 2603 diuinisss

148 2644 412 2722 prosequerentur
434 2642 627 2706 honoribus?
652 2662 686 2706 ex
711 2661 772 2724 quo
795 2641 915 2705 facturn
936 2644 985 2706 est
1003 2644 1040 2704 ut
1058 2643 1162 2723 partes
1181 2640 1291 2703 mundi
1378 2660 1381 2665 ·

237 2882 253 2934 4
272 2882 349 2935 Diels
368 2882 541 2951 Doxograplri
561 2882 656 2937 Graeci
680 2901 705 2952 p.
726 2885 786 2947 567,
807 2885 822 2936 7
842 2900 899 2952 sqq.
919 2882 1011 2936 Baeda
1034 2883 1101 2935 Her.
1120 2882 1187 2936 139
1206 2886 1228 2938 A
1247 2883 1289 2936 M.

183 3038 222 3092 IN
237 3039 382 3094 NOMINE
396 3026 439 3094 DI
450 3041 577 3095 PATRIS
592 3042 872 3097 OMNIPOTENTIS.
886 3041 1074 3096 INCIPIVNT
1093 3041 1193 3094 LIBRI
1208 3041 1289 3109 (INC.

147 3128 184 3181 LI
209 3128 245 3194 G)
269 3128 472 3182 EXAMERON
499 3131 537 3183 ID
567 3132 632 3184 EST
661 3131 727 3184 SEX
755 3131 905 3185 DIERUM.
931 3118 993 3185 SM.
1017 3129 1200 3184 AMBROSII.
1225 3131 1290 3185 EPS

148 3216 327 3280 (uersoorr
347 3218 382 3283 o>
404 3217 609 3273 cernerem
628 3219 837 3274 persuasus
857 3206 916 3275 sir
932 3219 1107 3274 nussosu
1125 3203 1187 3274 nur
1203 3219 1290 3274 uxa-

147 3306 275 3359 IIERDN
304 3307 329 3359 V
350 3294 406 3361 ECI
428 3308 604 3362 AMBROSII
626 3308 763 3362 PRIMUS
787 3309 835 3361 DE
860 3308 927 3363 SEX
950 3308 1082 3362 DIEBUS
1105 3309 1130 3364 M
1152 3307 1289 3362 INCIPIT

146 3394 337 3450 eeouoeus
353 3382 410 3451 s‘oi
421 3396 596 3450 inermen
608 3397 655 3450 ne
669 3397 784 3452 surus
796 3396 1034 3452 nxrarnrrouor
1050 3383 1291 3451 sosiusaosu

147 3484 258 3554 (deiude
275 3501 349 3538 maus
367 3491 392 3538 et
411 3487 542 3539 (tirrae'dius
560 3502 655 3538 uersus
673 3487 755 3553 eros.)
774 3485 817 3538 M*
840 3472 942 3541 INCIP
964 3484 1164 3539 EXAMERON
1189 3486 1290 3538 AMBR

147 3572 185 3629 M
205 3571 314 3626 INCIP.
337 3572 560 3627 EXAEMERON
585 3561 643 3628 ὃἮ
662 3573 838 3628 AMBROSII
860 3575 969 3630 LIBER
992 3576 1006 3629 I
1028 3575 1078 3628 DE
1103 3574 1288 3629 PRINCIPIO

145 3664 304 3718 RERUMS
317 3663 356 3716 IN
370 3663 515 3717 NOMINE
529 3662 593 3716 DEI
605 3663 733 3717 PATRIS
746 3663 885 3718 INCIPIT
898 3663 1078 3719 MACROBII
1091 3661 1290 3716 THEODOSII

146 3750 323 3805 AMBROSII
341 3751 638 3806 MEDIOLANENSIS
657 3738 720 3805 LIR
738 3751 802 3816 QUI
820 3751 990 3807 UOCanR
1007 3750 1217 3806 EXAMERON.
1236 3750 1289 3804 IN-

148 3839 244 3893 CIPIT
263 3840 311 3893 DE
329 3841 444 3893 PRIMO
463 3840 527 3893 DIE
546 3839 675 3894 SECULI
693 3841 721 3893 B
774 3842 791 3893 4
809 3841 837 3893 in
857 3844 938 3906 (eros.
961 3840 990 3908 Ο,
1010 3841 1061 3894 del.
1081 3843 1128 3893 m2
1146 3839 1182 3908 G)
1202 3839 1289 3892 incor-

146 3931 228 3997 rupta
249 3928 299 3982 CG
398 3928 413 3981 8
433 3927 527 3982 tillet
546 3928 656 3997 Sylem
679 3928 785 3982 CGVB
802 3929 864 3996 ylen
887 3928 912 3982 G
930 3932 977 3983 nm
996 3935 1042 3982 oet.
1140 3928 1172 3980 12
1191 3926 1247 3980 hies
1269 3925 1292 3978 (J

184 4016 367 4084 operatorium
387 4018 467 4082 (corr.
486 4019 543 4083 rrr2)
567 4016 625 4071 CN‘
682 4018 714 4071 13
735 4015 911 4071 adoriundum
934 4016 1015 4071 Gera2
1026 4016 1065 4070 N‘
1121 4016 1153 4069 15
1173 4017 1290 4069 aeterni·

146 4109 204 4158 tate
225 4104 420 4172 coniungerent
438 4103 506 4157 Dio.

1224 4209 1254 4261 1*
