3008 4666
161 248 225 312 108
631 243 828 298 Ambrosii

160 441 284 505 debitos
307 441 430 505 fructus
454 440 545 504 nobis
569 439 738 517 ministrat,
764 439 839 503 dum
863 437 1060 503 obsecundat
1083 437 1223 502 auctori:
1246 456 1304 503 nos

158 546 301 611 debitum
341 567 458 613 munus
494 565 659 630 negamus,
697 546 772 610 dum
809 565 869 610 non
906 564 1094 609 ueneremur
1130 548 1301 611 auctorem.

106 646 232 718 lluidc
268 653 299 717 in
335 654 442 737 paruis
481 672 561 737 quae
598 653 800 736 prouidentia
833 652 876 716 sit
908 652 958 716 dci
992 655 1033 729 et,
1067 651 1141 733 quia
1173 671 1302 735 conpre-
1364 668 1395 724 61

157 759 292 826 bendere
327 780 389 825 non
425 763 527 844 potes,
565 760 678 824 mirare
716 758 873 841 quomodo
911 759 973 822 alia
1006 777 1129 841 semper
1159 758 1303 824 florentia

158 867 336 944 reseruarit,
374 867 436 931 alia
471 867 664 932 mutationes
701 866 815 930 babere
847 865 987 931 uoluerit
1018 864 1237 948 expoliationis
1270 870 1302 930 et
1333 884 1347 924 e

157 972 304 1037 amictus.
339 974 423 1038 inter
459 992 536 1038 cana
573 974 707 1051 niuium,
745 973 873 1056 pruinas
911 973 1066 1057 frigorum
1106 971 1303 1036 uiriditatem

158 1097 248 1142 suam
281 1099 356 1144 arua
389 1083 578 1145 conseruent
611 1083 642 1144 et
675 1099 748 1144 cum
775 1079 845 1161 ipsa
873 1082 958 1144 tecta
987 1079 1051 1145 sint
1079 1079 1163 1162 gelu,
1191 1081 1302 1161 partus

158 1185 207 1248 sui
231 1189 336 1250 tamen
360 1186 439 1250 haut
463 1187 606 1269 exiguam
631 1187 769 1268 speciem
792 1187 965 1252 uiriditatis
989 1187 1150 1253 obterunt.
1172 1185 1204 1249 in
1223 1185 1302 1267 ipsis

157 1309 283 1375 quoque
302 1293 470 1375 generibus
486 1293 643 1370 arborum,
659 1313 738 1375 quae
758 1295 916 1359 diuturnis
931 1294 1096 1359 frondibus
1111 1292 1302 1370 uestiuntur,

157 1415 218 1463 non
242 1398 412 1464 mediocris
436 1398 588 1464 distantia
610 1404 669 1464 est.
695 1405 803 1466 seruat
825 1400 1045 1464 indumentum
1065 1419 1159 1464 suum
1179 1416 1347 1480 semperne

158 1507 227 1572 olea
250 1505 303 1570 uel
325 1506 430 1588 pinus,
455 1506 510 1570 sed
533 1510 639 1570 tamen
663 1507 740 1571 folia
763 1527 822 1572 sua
845 1527 938 1590 saepe
962 1509 1158 1572 commutant
1180 1523 1238 1569 nec
1265 1522 1303 1568 ea
1363 1515 1386 1570 B

157 1611 250 1695 quasi
274 1611 432 1690 diuturna,
457 1613 513 1677 sed
538 1614 629 1695 quasi
648 1614 844 1678 succedanea
862 1614 1070 1697 praetendunt
1089 1631 1163 1677 suae
1182 1610 1302 1675 arboris

156 1718 387 1802 pulchritudini
415 1720 560 1803 perpetui
588 1720 772 1804 integritate
796 1721 935 1785 uestitus
959 1720 1064 1784 uicem
1087 1718 1226 1783 muneris
1251 1717 1304 1781 ob-

156 1825 350 1892 umbrantes.
380 1827 486 1909 palma
515 1830 622 1891 autem
650 1827 757 1891 uirens
787 1846 910 1909 semper
932 1830 1040 1891 manet
1063 1823 1304 1890 conseruatione

50 1938 53 1943 “
156 1934 189 1996 et
217 1931 436 2007 diuturnitate,
465 1952 526 1998 non
554 1933 764 1998 inmutatione
792 1933 952 1997 foliorum.
984 1952 1057 1997 nam
1090 1949 1170 2013 quae
1201 1930 1303 2013 primo
1321 1951 1347 1991 rs

156 2038 383 2121 germinauerit
420 2039 507 2115 folia,
545 2058 582 2103 ea
619 2039 687 2103 sine
724 2039 791 2103 ulla
827 2040 1069 2104 substitutionis
1101 2036 1303 2102 successione

156 2147 333 2208 conseruat.
366 2144 491 2209 imitare
525 2164 599 2228 ergo
633 2165 712 2223 eam,
747 2165 763 2209 o
797 2147 901 2221 homo,
935 2150 972 2210 ut
1005 2146 1128 2210 dicatur
1159 2147 1192 2208 et
1222 2143 1301 2208 tibi:

156 2253 316 2314 statura
339 2254 408 2314 tua
427 2252 580 2316 similis
600 2251 710 2317 facta
730 2254 792 2317 est
809 2252 975 2335 palmae.
996 2270 1087 2317 serua
1104 2250 1301 2315 auiditatem

155 2356 309 2439 pueritiae
329 2360 403 2422 tuae
423 2361 455 2422 et
473 2359 562 2422 illius
581 2359 778 2424 innocentiae
798 2359 961 2435 naturalis,
981 2378 1075 2441 quam
1094 2377 1112 2421 a
1130 2355 1301 2439 primordio
1363 2366 1384 2423 (t

154 2463 313 2545 recepisti,
338 2467 376 2527 ut
397 2465 559 2547 plantatus
584 2483 677 2530 secus
696 2466 849 2530 decursus
873 2484 1024 2547 aquarum
1049 2465 1190 2529 fructum
1208 2467 1302 2528 tuum
1319 2482 1346 2523 ao

155 2567 187 2630 in
214 2571 356 2651 tempore
384 2573 440 2635 tuo
469 2571 585 2635 habeas
614 2575 835 2655 praeparatum
860 2574 891 2636 et
914 2572 1026 2635 folium
1049 2573 1142 2635 tuum
1164 2590 1226 2634 non
1250 2570 1302 2635 de-

155 2675 243 2738 fluat.
281 2676 362 2739 hanc
399 2676 594 2742 uiriditatem
632 2678 750 2761 gratiae
784 2697 908 2761 semper
939 2677 1079 2742 florentia
1110 2678 1143 2741 in
1176 2676 1301 2744 Christo
1374 2692 1378 2699 '

155 2785 265 2846 secuta
284 2781 422 2847 ecclesia
441 2783 538 2848 dicit:
557 2784 596 2847 in
620 2784 759 2848 umbra
783 2784 870 2848 eius
896 2784 1117 2865 concupiui
1141 2787 1179 2848 et
1202 2785 1300 2850 sedi.

154 2888 235 2952 hanc
257 2890 512 2973 praerogatiuam
535 2890 608 2954 doni
632 2890 765 2954 uirentis
789 2893 978 2973 acceperunt
1000 2890 1146 2973 apostoli,
1167 2910 1300 2972 quorum

155 3013 211 3057 nec
247 2995 361 3059 folium
397 3015 550 3077 umquam
587 2997 693 3078 potuit
728 2997 819 3077 elabi,
852 3000 890 3061 ut
922 3016 1028 3061 eorum
1061 2996 1155 3061 etiam
1190 2998 1302 3062 umbre
1318 3010 1344 3051 π

156 3102 279 3165 curaret
303 3105 469 3185 aegrotos3
490 3103 721 3167 obumbrabant
740 3103 823 3167 enim
842 3103 1041 3168 infirmitates
1061 3103 1201 3185 corporis
1220 3103 1299 3168 fides

154 3208 271 3272 mentis
301 3212 333 3272 ct
359 3209 504 3274 florentia
531 3210 644 3274 merita
671 3211 839 3274 uirtutum.
868 3229 958 3274 mane
984 3230 1058 3293 ergo
1081 3209 1243 3292 plantatus
1266 3210 1298 3275 in
1360 3220 1385 3275 D

244 3450 597 3520 6Uerg.Georg.11376
717 3453 750 3507 10
769 3453 831 3508 Bas.
853 3451 1013 3518 locarat
1032 3454 1066 3522 B)
1087 3452 1245 3524 115B(49
1263 3454 1297 3523 B)

157 3538 189 3591 18
210 3537 288 3594 Cant.
309 3541 370 3603 7,7
425 3540 642 3595 dorestate
697 3542 731 3596 23
752 3541 910 3606 Cantas
966 3542 1125 3606 aeneae,
1148 3544 1180 3596 15

190 3700 206 3751 5
225 3699 375 3751 reseruauit
393 3698 460 3751 N‘B
479 3700 628 3753 seruauerit
652 3700 678 3752 V
731 3702 745 3752 7
766 3703 829 3752 sunt
848 3698 872 3751 Π
893 3702 958 3765 (sint
980 3701 1071 3767 Gom)
1091 3701 1126 3764 B,
1140 3702 1210 3769 sort.
1229 3707 1299 3757 recte

155 3785 263 3840 8baud
285 3786 366 3840 Gor2
385 3791 433 3840 aut
454 3787 532 3840 Grai
550 3793 597 3841 cet.
663 3787 802 3842 9diurnis
821 3788 845 3841 ll
912 3792 943 3843 12
964 3789 1060 3843 diurna
1077 3789 1102 3843 ΙΙ
1175 3791 1297 3845 succida-

153 3874 251 3926 neaB
272 3874 339 3929 Tell.
415 3876 761 3944 laureacensis
836 3878 867 3931 17
893 3895 924 3931 ea
945 3878 1024 3932 CPV
1093 3879 1300 3933 23.umbra0

154 3962 189 4014 24
208 3968 369 4032 acceperunt
387 3962 411 4015 ll
431 3967 455 4032 (e
476 3966 524 4018 alt.
545 3969 591 4018 2712
610 3981 642 4018 eor
660 3966 670 4017 i
690 3965 726 4031 G)
747 3976 907 4036 acceperant
921 3972 949 4020 et
962 3968 995 4020 N
1046 3970 1080 4022 26
1100 3968 1297 4023 obumbrabant

153 4051 252 4118 acrcpsi
271 4052 450 4105 obumbrabat
463 4053 501 4105 M
517 4059 542 4106 et
561 4053 606 4116 (ba
626 4054 696 4124 esp.)
708 4054 738 4109 ¹S
757 4055 918 4108 obumbrant
933 4055 986 4109 llB
1005 4057 1148 4110 obumbrat
1162 4055 1200 4111 N¹
1254 4058 1295 4110 in·

154 4137 289 4192 firmitatis
313 4139 334 4193 0
351 4140 503 4194 infirmitati
522 4140 625 4205 N‘MS,
639 4142 708 4208 fort.
730 4148 798 4196 recte
