3008 4666
209 241 280 306 434
689 243 886 295 Ambrosii

212 455 312 500 oues
337 440 376 500 et
399 437 525 501 boues
550 439 779 513 uniuersas,
805 439 971 520 insuper
994 444 1032 504 et
1055 461 1200 523 pecora
1219 443 1358 523 campi,

211 543 406 607 uolucres
432 545 537 608 caeli
561 549 600 609 et
622 545 760 627 pisces
785 546 917 623 maris,
943 546 1017 627 quia
1036 551 1162 628 propter
1178 547 1285 629 ipsum
1303 548 1360 613 illa

211 648 326 722 omnia,
356 650 417 714 alia
444 654 572 734 propter
598 652 783 731 utilitatem,
813 653 875 715 alia
904 652 1124 717 delectationis
1153 655 1265 736 gratia,
1298 655 1360 718 alia

211 756 399 838 uoluptatis.
434 776 629 840 consequens
661 778 735 842 ergo
766 762 841 837 erat,
871 762 907 821 ut
936 777 1008 822 cum
1038 758 1196 823 deleretur
1222 760 1360 824 homoa

211 862 291 926 facie
324 864 435 940 terrae,
468 868 597 947 propter
626 885 719 947 quern
747 865 832 929 facta
860 869 945 943 sunt,
974 866 1070 929 etiarn
1097 866 1153 929 illa
1179 866 1248 949 pari
1275 868 1358 931 dele-
1377 870 1490 928 52401

211 971 320 1032 rentur
357 990 480 1035 occasu.
524 971 601 1035 haec
644 972 817 1036 secundum
861 972 1040 1053 simplicem
1080 972 1226 1037 lectionis
1269 992 1362 1056 expo-

212 1077 371 1143 sitionem.

166 1178 210 1241 34
255 1183 359 1247 Altior
383 1188 489 1248 autem
514 1187 545 1247 et
568 1183 751 1266 profundior
774 1185 991 1265 interpretatio
1015 1185 1094 1248 illud
1119 1184 1249 1264 adierit,
1275 1186 1361 1267 quod

210 1290 266 1352 ubi
302 1289 405 1353 anima
437 1291 520 1355 mole
553 1292 738 1372 passionum
771 1294 922 1355 curuatur
955 1292 1045 1375 graui
1074 1295 1106 1354 et
1134 1291 1225 1373 quasi
1258 1291 1361 1355 diuer-

211 1414 317 1459 sarum
333 1397 545 1479 cupiditatum
565 1402 655 1461 aestu
674 1398 838 1480 mergitur,
859 1403 1000 1462 terrenae
1020 1417 1128 1463 omnes
1149 1398 1359 1480 cogitationes
1379 1423 1405 1460 ro

211 1506 243 1567 et
276 1504 549 1585 concupiscentiae
581 1505 613 1568 in
647 1522 796 1586 praeceps
829 1507 934 1579 ruunt,
969 1505 1044 1587 quia
1080 1507 1226 1587 peccator
1262 1523 1360 1568 unus-

211 1610 347 1691 quisque
380 1630 441 1692 quo
475 1611 620 1695 grauiora
651 1611 773 1694 flagitia
806 1611 1002 1675 commiserit
1034 1631 1070 1676 eo
1098 1612 1135 1675 fit
1162 1611 1357 1676 insolentior.

210 1736 345 1797 namque
368 1737 431 1781 usu
456 1722 550 1799 atque
574 1717 793 1782 exercitatione
822 1719 998 1800 inprobitas
1023 1722 1158 1802 augetur
1181 1720 1213 1782 et
1234 1719 1358 1800 inpuni-
1422 1720 1443 1772 B

209 1826 276 1887 tate
304 1824 444 1887 nutritur
471 1824 612 1888 audacia.
640 1823 759 1888 recedit
787 1825 894 1906 itaque
924 1825 961 1888 ab
986 1825 1071 1889 omni
1094 1827 1240 1907 respectu
1264 1825 1358 1889 hone-

210 1930 303 1994 statis
333 1933 365 1994 et
392 1931 423 1993 in
454 1950 489 1995 eo
518 1933 641 1994 terrena
669 1931 848 1994 moriuntur
876 1931 979 1994 omnia
1001 1931 1106 1994 letalis
1131 1931 1252 2011 peccati
1276 1950 1355 1995 acer·
1379 1952 1404 1992 15

210 2036 320 2113 hiteta,
346 2054 426 2118 quae
450 2055 526 2099 uera
549 2039 581 2100 et
602 2039 756 2117 perpetua
779 2040 880 2099 morte
904 2039 1101 2118 peccatorem
1125 2036 1240 2110 deleat3
1266 2055 1358 2100 nemo

210 2143 293 2205 enim
323 2143 453 2224 grauius
480 2143 616 2207 moritur
643 2162 737 2224 quam
767 2143 821 2223 qui
845 2145 974 2226 peccato
999 2142 1092 2207 uiuit.
1127 2142 1303 2205 moriuntur
1327 2143 1357 2205 in

210 2267 247 2312 eo
271 2249 435 2331 passiones
461 2249 615 2333 singulae,
640 2250 773 2318 moritur
796 2250 898 2326 uisus,
924 2249 978 2330 qui
996 2252 1163 2330 peceatum
1182 2248 1358 2312 adnuntiat,

210 2355 265 2436 qui
288 2355 426 2419 intendit
448 2356 573 2419 mulieri
597 2356 714 2430 fallaci,
740 2357 793 2437 qui
823 2356 945 2437 capitur
973 2356 1067 2419 alieni
1095 2357 1207 2418 uultus
1236 2355 1358 2432 decore,
1470 2424 1473 2428 A

209 2483 304 2544 quem
329 2463 414 2527 oculi
436 2463 610 2526 meretricis
633 2463 814 2546 ligauerint,
839 2481 932 2542 quem
956 2464 1104 2543 aspectus
1128 2462 1359 2544 inlaqueauerit
1377 2464 1443 2525 eoC

209 2570 404 2635 fornicariae.
443 2590 481 2634 an
519 2589 580 2633 non
617 2568 745 2633 uidetur
781 2570 860 2634 mori
901 2569 955 2650 qui
990 2568 1050 2632 sibi
1082 2568 1224 2632 libidinis
1256 2570 1358 2632 telum

209 2676 404 2759 inpresserit,
424 2677 479 2757 qui
498 2679 691 2758 spontaneus
710 2676 740 2738 in
762 2676 888 2739 foueam
911 2674 1023 2738 mortis
1047 2674 1201 2737 inruerit?
1224 2674 1359 2738 moritur

208 2787 241 2846 et
265 2783 405 2860 auditus,
431 2802 503 2846 cum
527 2782 625 2845 refert
648 2781 789 2858 crimina,
815 2800 887 2844 cum
912 2780 1114 2844 sollicitantis
1140 2780 1274 2844 adulteri
1294 2799 1359 2844 ser-

208 2909 335 2953 monem
364 2888 540 2966 adnuntiat,
571 2907 643 2952 cum
670 2888 782 2951 inserit
809 2887 922 2951 animis
947 2888 1044 2950 uerba
1067 2886 1253 2962 meretricis,
1278 2906 1358 2969 quae

209 2995 336 3059 seducit
358 2994 506 3058 iuuenem
531 2995 633 3059 multo
662 2994 878 3057 blandimento
908 2993 1072 3070 sermonis,
1100 2993 1224 3075 laqueis
1249 2997 1357 3057 autem
1377 3016 1403 3056 as

208 3101 367 3166 labiorum
402 3119 532 3166 suorum
563 3101 677 3184 inligat
711 3121 793 3164 eum.
828 3100 962 3164 moritur
988 3119 1049 3163 uox
1078 3099 1216 3176 silentio,
1245 3099 1272 3162 si
1295 3118 1357 3163 non

208 3207 396 3271 confiteatur
425 3207 497 3271 deo:
526 3207 661 3272 moritur
689 3207 903 3288 multiloquio,
933 3206 1007 3288 quia
1030 3207 1184 3288 scriptum
1208 3205 1354 3270 esttibi:

208 3333 251 3377 er
279 3314 547 3395 multiloquio
577 3333 650 3377 non
680 3313 860 3395 effugies
890 3315 1117 3393 peccatum:
1143 3312 1276 3375 moritur
1299 3330 1356 3394 per
1418 3326 1444 3379 D

302 3578 336 3630 25
357 3575 485 3629 Prouerb.
506 3576 529 3636 7,
550 3576 581 3628 21
639 3575 673 3627 28
692 3575 821 3628 Prouerb.
845 3574 885 3637 10,
906 3574 939 3626 19

244 3717 336 3786 silla]
357 3719 416 3785 ipsa
435 3717 468 3769 N
518 3716 668 3786 6simplen
688 3716 729 3781 (irc
748 3720 816 3781 ras.)
837 3715 854 3767 l.
879 3714 1028 3782 exemplum
1049 3713 1076 3765 B
1131 3712 1313 3765 9animaeP
1333 3717 1358 3775 (e

208 3810 293 3874 eras.)
352 3807 385 3858 10
406 3806 538 3874 mergitur
557 3808 617 3858 estu
635 3805 668 3857 N
722 3805 753 3856 14
774 3803 931 3873 aspectuB
1003 3801 1156 3855 honestatis
1175 3802 1199 3871 (s
1220 3801 1268 3855 alf.
1290 3803 1356 3855 add.

208 3899 266 3960 m3)
288 3897 316 3947 ct
337 3895 452 3961 (exest)
472 3894 499 3945 P
589 3895 621 3947 16
640 3894 754 3956 morteri]
774 3885 801 3945 P
818 3892 855 3963 (m
875 3909 933 3959 exp.
953 3891 1009 3958 rn3)
1089 3890 1122 3942 19
1141 3888 1248 3942 mulieri
1266 3890 1359 3945 fallaci

207 3983 328 4036 intendit
350 3983 379 4036 N
451 3985 484 4037 22
504 3984 672 4052 impresserit
690 3985 717 4036 P
734 3984 765 4036 iot
784 4000 840 4038 ras.
933 3982 966 4034 23
987 3979 1103 4032 adulteri
1122 3979 1150 4031 P
1167 3979 1189 4043 (i
1207 3995 1239 4032 ex
1258 3980 1281 4032 is
1300 3984 1359 4047 m2)

208 4072 244 4124 25
264 4072 350 4124 multo
371 4088 404 4125 ex
422 4073 506 4125 mulia
524 4075 571 4124 m2
590 4073 616 4124 P
687 4072 886 4125 oblectamento
911 4071 942 4122 T¹
1014 4068 1137 4136 laquaeis
1155 4067 1183 4120 P
1241 4068 1358 4138 2611011]

208 4176 238 4212 er
258 4160 291 4212 N
343 4162 375 4213 27
397 4164 439 4214 est
459 4160 597 4230 tibiP(t
618 4161 666 4214 ult,
686 4177 707 4216 a.
727 4165 766 4227 u.)
792 4161 843 4214 ΤΒ
863 4159 904 4214 eil
927 4160 958 4212 T‘
979 4156 1073 4213 estN
