3008 4666
222 234 287 296 312
690 230 892 285 Ambrosii

223 430 258 489 et
287 428 504 511 adpositus
536 431 598 491 est
628 427 672 490 ad
700 431 840 509 patres
871 446 977 491 suos.
1002 427 1147 510 intellegi
1171 427 1254 492 euim
1278 429 1374 493 datur

223 535 309 620 quod
336 539 463 618 patrum
491 534 606 599 similis
635 535 732 598 fuerit
755 535 825 598 fide.
851 535 933 599 unde
959 536 1057 599 claret
1080 555 1141 599 non
1165 536 1205 599 ad
1228 537 1371 618 sepultu-

178 643 197 703 6
221 662 288 705 ram
317 643 468 725 corporis,
500 643 556 707 sed
584 642 623 705 ad
651 644 846 707 consortium
876 643 961 706 uitae
992 642 1137 707 relatum.
1169 642 1304 725 denique
1332 643 1370 707 de

223 749 310 812 Isaac
348 769 422 835 non,
445 750 657 831 perfunctorie
696 750 850 830 scriptum
892 752 1024 832 putatur
1065 751 1148 831 quod
1189 751 1370 832 relinquens

223 856 362 937 eorporis
408 856 504 920 istius
551 857 699 937 speeiem,
747 876 826 937 quac
872 857 993 920 animae
1036 877 1111 931 suae
1153 857 1369 933 adtexebatur,
1401 866 1454 921 5ss

223 961 388 1044 adpositus
422 962 464 1026 sit
496 962 535 1025 ad
566 983 667 1046 genus
699 983 804 1039 suum,
836 982 871 1027 eo
905 963 989 1044 quod
1019 964 1117 1046 patris
1148 963 1199 1027 sui
1226 964 1370 1028 moribus

223 1067 412 1133 adhaeserit.
436 1069 568 1151 pulchre
589 1072 696 1133 autem
717 1069 756 1133 ad
776 1089 876 1153 genus
898 1071 952 1146 ait,
972 1090 1034 1134 uon
1053 1071 1092 1134 ad
1110 1071 1264 1152 populum
1285 1071 1371 1134 sicut

224 1174 309 1238 alibi.
341 1195 414 1239 narn
444 1175 582 1258 legimus
613 1176 684 1240 aliis
715 1177 795 1241 locis
827 1177 991 1260 adpositos
1019 1178 1120 1241 fuisse
1149 1177 1188 1240 ad
1214 1177 1370 1259 populum

224 1300 328 1357 suum,
354 1282 489 1346 sedisti
512 1301 572 1346 nou
601 1286 667 1346 tam
695 1286 907 1364 praestantem
938 1284 1149 1367 praestantior
1178 1288 1283 1348 autem
1316 1285 1371 1367 qui

223 1407 394 1471 paucorum
434 1389 548 1452 similis
585 1389 682 1453 fuerit
719 1393 750 1453 et
786 1408 846 1453 non
879 1390 1089 1472 plurimorum
1120 1427 1165 1435 —
1197 1391 1305 1472 plnres
1337 1392 1369 1455 in
1389 1419 1415 1454 ro

224 1497 341 1578 populo
358 1515 415 1560 suo
433 1515 527 1577 quam
542 1495 574 1557 iu
591 1514 703 1578 genere
721 1534 757 1542 —
777 1499 809 1559 et
822 1498 1035 1578 praestantius
1051 1497 1179 1561 ducitur
1196 1517 1370 1578 paucorum

225 1603 363 1667 similem
395 1622 464 1667 esse
493 1622 588 1685 quam
614 1603 834 1683 plurimorum.
860 1604 913 1684 qui
938 1623 1011 1687 ergo
1037 1604 1087 1667 dei
1111 1608 1177 1667 erat
1200 1608 1369 1687 generatus

223 1710 442 1791 promissione,
467 1710 522 1792 qui
546 1709 585 1773 ad
604 1709 795 1774 sacrificium
814 1711 992 1792 probandae
1012 1713 1140 1794 pietatis
1161 1714 1294 1787 electus,
1313 1714 1368 1794 qui
1430 1720 1454 1773 Ρ

224 1818 319 1882 unius
353 1817 467 1893 uxoris,
501 1817 562 1880 hoc
596 1821 645 1880 cst
677 1817 776 1883 solius
810 1817 981 1898 sapientiae
1017 1818 1169 1883 societate
1201 1821 1368 1883 contentus

225 1925 353 2006 superni
383 1925 471 1988 illius
502 1924 637 2008 generis,
669 1925 753 2007 quod
784 1928 833 1988 est
862 1946 961 1989 unum
992 1925 1116 2007 sibique
1145 1945 1269 2008 semper
1295 1945 1368 1990 con·
1388 1949 1412 1988 a

224 2030 366 2108 ueniens,
413 2050 473 2094 non
514 2030 656 2111 plebeiae
698 2031 833 2095 uilitatis
875 2030 1017 2096 imitator
1056 2031 1266 2096 adstruendus
1307 2032 1371 2095 fuit

226 2138 399 2219 scripturae
424 2137 548 2200 diuinae
572 2137 766 2201 testimonio.
791 2138 908 2201 etenim
930 2137 986 2201 ubi
1003 2136 1093 2202 labor
1112 2138 1254 2201 doctrina
1271 2139 1381 2204 medi·

224 2245 315 2322 tatio,
353 2245 420 2309 illic
458 2263 530 2308 curn
563 2245 708 2327 pluribus
742 2263 908 2308 commune
943 2244 1113 2327 collegium
1146 2247 1178 2308 et
1211 2244 1369 2325 quoddam

224 2354 374 2438 populare
404 2347 597 2417 consortium
628 2356 687 2417 est.
719 2350 872 2415 audiendo
904 2351 988 2414 enim
1017 2351 1160 2432 plerique
1189 2351 1368 2432 proficiunt.

226 2480 304 2542 quos
332 2461 509 2525 nominauit
535 2461 700 2542 populum.
728 2459 784 2523 ubi
811 2463 919 2523 autem
943 2477 1004 2522 nou
1028 2459 1165 2522 humana
1186 2457 1368 2533 traditione,
1387 2481 1414 2520 ao

225 2569 282 2632 sed
304 2568 467 2652 ingeniosa
490 2567 677 2631 collectione
696 2566 763 2630 sine
782 2586 844 2630 usu
862 2565 979 2629 laboris
1000 2564 1167 2646 disciplina
1185 2564 1367 2647 percipitur,

225 2676 291 2740 illic
320 2674 469 2739 sublimis
497 2673 622 2757 generis
650 2673 831 2754 incorrupta
855 2671 1021 2735 sinceritas
1046 2676 1103 2736 est.
1128 2674 1161 2735 et
1183 2671 1254 2735 ideo
1278 2673 1368 2736 isaac
1414 2676 1498 2732 186A

224 2785 386 2863 tamquam
411 2781 460 2845 dei
483 2799 599 2844 munus
624 2779 662 2842 ad
686 2798 785 2862 genus
806 2798 900 2842 suum
919 2779 1022 2862 magis
1042 2797 1136 2859 quam
1156 2777 1195 2841 ad
1213 2778 1368 2861 populum

226 2888 391 2969 adpositus
415 2888 543 2969 legitur,
567 2895 603 2949 ut
627 2886 807 2949 diuinorum
829 2885 938 2965 potius
959 2904 1053 2965 quarn
1072 2885 1281 2948 humanorum
1299 2884 1369 2947 imi-

225 2997 360 3057 tatorem
382 2993 483 3056 fuisse
507 2992 652 3056 sedulum
676 3010 894 3074 recognoscas.
1382 3008 1408 3048 aa

317 3232 421 3300 lReg.
445 3231 486 3285 III
511 3233 536 3291 2,
561 3231 595 3284 10
685 3226 1366 3294 3Ρ1111ο(100001.2(164,31;1204,οθ.1

226 3323 242 3375 6
262 3319 327 3376 Gen.
347 3322 390 3382 35,
410 3322 445 3375 20
514 3322 528 3373 7
548 3320 631 3372 Dent.
650 3318 847 3382 casellaco.
867 3317 880 3370 I
901 3319 942 3381 14,
961 3317 996 3370 30
1060 3317 1095 3368 22
1114 3315 1192 3368 Philo
1213 3314 1245 3368 de
1264 3331 1331 3367 sacr.
1350 3316 1367 3366 2

226 3411 298 3478 (164.
317 3411 364 3473 333
383 3410 396 3462 I
416 3409 476 3471 204,
498 3410 528 3461 11
552 3408 592 3474 C.)

261 3586 377 3639 'Zfidem
395 3585 432 3638 M
449 3589 485 3652 (m
506 3584 568 3650 del.)
625 3584 744 3636 declaret
761 3583 783 3637 S
803 3581 847 3648 (de
866 3586 948 3648 erus.)
968 3581 1026 3634 PV
1042 3581 1191 3634 declararet
1208 3578 1251 3631 Μ’
1294 3580 1368 3631 ‹ire-

225 3676 349 3744 linqnens
367 3675 492 3743 Manpey
511 3670 632 3739 (ἐκλείπει
645 3673 739 3736 Philo)
756 3671 894 3740 requirens
910 3671 975 3724 libri
1010 3672 1025 3723 6
1041 3668 1199 3722 adhaereret
1212 3667 1331 3720 moribus
1341 3667 1369 3720 B

228 3765 258 3817 11
281 3763 380 3817 dicitur
397 3760 504 3814 MBM‘
523 3766 549 3814 ct
568 3765 647 3825 (corr.
666 3760 724 3829 nrr2)
743 3758 778 3811 A‘
818 3760 850 3812 15
870 3775 950 3827 super
968 3758 1068 3811 nullius
1088 3756 1225 3811 AA‘urV
1243 3761 1269 3809 et
1288 3759 1367 3819 (corr.

225 3856 282 3919 002)
306 3853 340 3904 P‘
446 3851 478 3903 16
502 3849 631 3902 utilitatis
656 3849 679 3903 S
707 3854 758 3911 (arel
782 3865 814 3901 ex
838 3847 965 3917 uilitatin)
988 3847 1026 3900 M
1128 3848 1159 3898 17
1184 3845 1372 3899 doctriuaeS

226 3943 252 4011 (e
272 3945 327 4007 012)
348 3939 411 3993 An*
503 3939 535 3991 18
559 3938 600 3990 illi
624 3938 777 4007 copluribus
802 3938 829 3988 P
935 3937 1052 4005 collegiu
1076 3936 1098 3989 S
1119 3938 1147 4004 (u
1170 3936 1201 3988 iu
1222 3938 1289 4003 raa.)
1313 3935 1369 3988 col·

225 4058 298 4126 legio
322 4056 358 4110 A‘
440 4056 474 4108 20
493 4072 547 4107 non
566 4070 616 4107 oua
636 4054 673 4106 M
761 4055 795 4108 23
820 4053 847 4106 di
861 4019 949 4105 ffiunus
968 4052 992 4106 S
1014 4057 1044 4118 (a.
1065 4069 1135 4104 suase
1154 4057 1179 4104 et
1198 4054 1244 4103 012
1262 4050 1295 4104 de
1313 4050 1370 4117 his)

228 4145 254 4198 di
274 4162 366 4197 sumus
384 4143 422 4196 M
