3008 4666
396 264 437 316 De
457 263 516 316 Noe
537 264 577 316 17.
600 261 643 328 18,
663 264 768 316 62-64
806 264 830 328 (Ι
849 265 902 317 254
921 261 1033 317 riu-255
1053 263 1096 328 B).
1269 265 1333 329 459

186 458 328 522 nonnulli
348 461 418 522 ante
437 478 494 522 nos
515 459 774 537 aestimarerunt,
795 479 830 522 ao
852 458 935 541 quod
954 459 1160 522 immoderata
1179 458 1331 541 quaedam

186 565 333 629 uideatur
355 565 405 628 uis
430 565 560 646 exprimi
578 565 763 646 passionum
783 565 841 628 bac
862 564 1040 628 elocutione
1060 565 1240 641 uerborum,
1261 565 1334 646 quia

185 672 322 735 turbidis
345 672 548 753 passionibus
569 691 604 736 ae
623 672 809 753 procellosis
831 674 1036 735 consumatur
1055 672 1168 749 anima
1189 672 1333 735 delicien-

184 779 271 842 tibus
292 782 398 842 autem
419 780 450 842 et
474 780 566 843 uelut
589 779 805 842 arescentibus
824 779 978 842 uirtutem
997 781 1147 842 resumat.
1172 797 1232 842 non
1252 778 1334 841 radit

152 904 164 944 s
185 885 284 968 igitur
300 884 411 965 culpae
427 885 549 967 species
569 886 599 948 in
622 886 758 949 animam
777 886 855 950 iusti
875 886 965 966 quasi
985 884 1103 950 siccam
1123 887 1155 947 et
1173 888 1332 948 mortuam

185 992 406 1074 derelinquens
432 996 464 1056 et
487 993 538 1056 eni
562 993 624 1056 ianr
649 1012 761 1056 nocere
784 1013 843 1057 non
869 993 982 1074 possit.

58 1083 138 1185 {64
228 1098 295 1162 Nec
313 1099 394 1163 illud
414 1119 562 1180 uacuum,
579 1101 663 1181 quod
677 1103 786 1183 postea
808 1101 955 1163 columba
975 1099 1160 1174 dimittitur3
1177 1097 1331 1160 malitiam
1360 1107 1381 1158 Ε

185 1205 301 1268 etenim
330 1205 519 1288 simplicitas
549 1209 582 1270 ct
610 1208 737 1287 culpam
765 1207 869 1270 uirtus
902 1205 1045 1271 resoluit.
1078 1204 1202 1268 malitia
1233 1204 1332 1286 igitur
1359 1215 1380 1267 F

184 1314 269 1374 amat
302 1311 469 1388 diluuium,
504 1312 698 1376 consortium
730 1314 833 1377 iustae
868 1313 983 1377 mentis
1015 1312 1134 1396 refugit
1172 1313 1203 1374 et
1241 1309 1332 1392 quasi

138 1441 165 1479 ιο
186 1416 328 1482 desolata
352 1421 384 1482 et
408 1419 474 1482 sine
499 1419 605 1500 aliqua
630 1419 766 1483 statione
795 1424 937 1483 remanet
963 1419 1085 1482 nullam
1112 1419 1230 1482 babens
1260 1435 1332 1479 cum

184 1523 302 1588 uirtute
336 1525 599 1603 communionem,
633 1526 737 1589 uirtus
771 1529 878 1589 autem
910 1525 991 1589 redit
1028 1543 1135 1588 amans
1173 1524 1332 1586 iustorum

185 1629 342 1693 consortia
361 1633 392 1692 et
411 1631 590 1713 largiendae
614 1630 799 1693 familiarior
817 1629 961 1706 utilitati,
982 1649 1061 1712 quae
1086 1628 1225 1693 conferat
1247 1627 1331 1690 salu·

183 1736 263 1799 taria
294 1740 326 1800 et
359 1738 500 1802 cauenda
532 1757 569 1801 ea
603 1757 683 1819 quae
717 1742 793 1801 sunt
824 1738 967 1801 nocitura
1000 1739 1207 1813 commoneat,
1247 1735 1331 1798 sicut

184 1843 332 1906 columba
364 1844 495 1908 dimissa
528 1864 600 1908 cum
633 1845 758 1908 uideret
786 1864 928 1908 cessasse
957 1863 1081 1926 aquam,
1110 1861 1254 1924 regressa
1282 1844 1331 1904 est

140 1974 163 2013 15
182 1952 345 2031 tamquam
369 1953 463 2031 plena
490 1950 642 2029 iustitiae,
672 1955 708 2016 ut
731 1951 760 2014 ei
784 1971 801 2014 a
825 1972 886 2033 quo
915 1952 1015 2015 missa
1042 1953 1144 2013 luerat
1171 1948 1330 2013 nuntiaret

183 2056 258 2136 quid
297 2057 398 2121 adbuc
437 2077 546 2121 cauere
584 2059 712 2122 deberet
749 2062 843 2140 atque
877 2057 1047 2141 spectando
1080 2058 1185 2120 fructu
1218 2059 1329 2137 postea

183 2163 312 2227 meliore
336 2163 501 2245 potiretur.
528 2165 611 2246 quod
632 2169 737 2228 autem
758 2165 905 2229 columba
924 2184 984 2229 non
1003 2163 1168 2227 inueniens
1186 2162 1325 2243 requiem
1338 2171 1428 2225 255A

183 2288 273 2332 suam
305 2271 483 2353 regreditur
520 2271 559 2334 ad
597 2290 680 2348 eum,
718 2271 924 2334 manifestum
961 2271 1114 2334 indicium
1152 2269 1238 2332 dedit
1274 2289 1329 2351 per

182 2375 366 2439 huiusmodi
390 2396 465 2441 aues
491 2379 644 2459 quantum
669 2378 795 2441 intersit
821 2378 904 2441 inter
931 2378 1086 2441 malitiam
1116 2379 1147 2439 et
1174 2376 1327 2440 uirtutem

138 2504 165 2542 20
183 2482 324 2562 exprimi,
335 2482 493 2563 siquidem
504 2502 618 2548 coruus
635 2486 706 2546 ante
722 2483 884 2559 dimissus,
901 2503 973 2548 cum
988 2484 1150 2567 aliquanto
1167 2483 1329 2545 uideretur

184 2587 321 2667 amplius
350 2588 504 2652 exundare
533 2588 701 2666 diluuium,
731 2589 821 2653 uisus
851 2593 900 2652 est
928 2590 1034 2653 locum
1060 2589 1221 2651 inuenisse
1252 2589 1328 2651 resi-

185 2693 287 2758 dendi.
314 2697 346 2757 et
369 2697 536 2759 certenou
562 2698 610 2759 est
633 2695 816 2759 huiusmodi
841 2714 956 2759 coruus
980 2700 1017 2759 ut
1041 2695 1121 2758 aliae
1141 2714 1227 2772 aues,
1248 2713 1327 2775 quae

182 2800 213 2862 in
238 2801 329 2882 aquis
353 2802 624 2865 conuersationem
648 2803 762 2865 habere
787 2804 987 2866 consuerunt.
1017 2820 1089 2864 cunr
1113 2819 1187 2884 ergo
1212 2819 1327 2864 coruus

184 2907 237 2970 ubi
260 2910 436 2971 remaneret
458 2909 618 2972 inuenisse
642 2908 798 2987 uideatur,
823 2910 971 2973 columba
994 2912 1101 2971 autam
1120 2925 1181 2969 non
1200 2906 1327 2970 innene-

139 3035 164 3072 ro
182 3014 234 3089 rit,
254 3013 383 3078 euidens
402 3015 482 3077 ratio
503 3021 553 3079 est
571 3016 681 3080 altiore
701 3015 957 3098 interpretatione
979 3013 1096 3098 signari
1115 3014 1190 3097 quia
1204 3013 1326 3076 malitia
1353 3025 1375 3078 Β

182 3113 570 3202 ἰηᾳηίθῒίεφῆεεὶοῃὶὴηε
609 3124 641 3185 et
678 3123 916 3204 cupiditatibus,
956 3121 1071 3205 quibus
1115 3121 1327 3201 corrumpitur

183 3228 295 3304 anima,
321 3245 355 3290 se
382 3227 514 3291 miscere
543 3229 711 3292 consueuit
739 3234 771 3293 et
798 3230 889 3311 quasi
919 3229 1061 3313 cognatis
1088 3230 1119 3292 et
1142 3228 1326 3292 domesticis

183 3333 359 3397 delectatur
389 3332 496 3414 ibique
529 3335 808 3399 commorationem
842 3355 932 3398 suam
964 3336 1058 3410 locat,
1088 3334 1191 3397 uirtus
1221 3338 1326 3398 autem

273 3525 287 3575 7
308 3523 374 3579 Gen.
395 3523 419 3578 8.
440 3523 455 3576 8
475 3523 554 3577 Philo
576 3523 686 3589 Quaest.
705 3524 734 3577 Π
752 3525 786 3579 38
825 3526 856 3578 17
877 3523 1324 3589 een.8‚aPhi10Quaesa1139

218 3634 234 3684 2
255 3631 409 3702 eloqutione
432 3631 457 3682 T
473 3631 611 3683 locutione
629 3631 693 3683 DN
744 3632 807 3700 quia
827 3632 847 3697 (i
865 3648 886 3684 s.
906 3632 944 3700 o.)
964 3632 991 3684 P
1035 3632 1050 3683 3
1072 3633 1272 3684 consummatur
1294 3631 1325 3684 T‘

185 3725 215 3785 (s.
234 3721 247 3772 l
266 3719 356 3787 mitur)
376 3718 408 3772 N
476 3720 494 3771 4
512 3719 588 3771 uelut
607 3718 795 3772 recedentibus
817 3722 841 3772 B
913 3722 1032 3773 resumat
1050 3719 1114 3772 DN
1128 3720 1241 3773 resumit
1259 3721 1286 3772 P
1305 3721 1325 3785 (i

183 3825 216 3862 ea
234 3813 259 3873 a)
277 3813 323 3861 cet.
360 3811 376 3861 5
393 3808 490 3861 siccam
510 3810 537 3860 et
556 3810 688 3860 mortuam
711 3807 742 3859 ΤΛ
761 3809 831 3861 sicca
850 3811 879 3861 et
897 3810 1002 3860 mortua
1021 3813 1067 3863 cet.
1106 3810 1121 3861 6
1137 3808 1324 3877 derelinquens

183 3896 210 3948 P
228 3902 266 3963 (rc
284 3914 305 3951 s.
325 3913 352 3948 u.
371 3900 427 3963 m2)
502 3896 639 3948 9amauit
657 3895 772 3950 PBCM
844 3899 875 3949 12
896 3912 964 3965 quae
983 3913 1034 3949 orn.
1053 3896 1080 3947 B
1152 3897 1281 3950 salutaria
1299 3899 1327 3950 P

185 3990 211 4049 (a
231 3985 279 4038 ait.
299 4001 320 4038 s.
339 3987 378 4048 oo.)
398 3985 510 4036 salutari
532 3984 557 4036 Τ
630 3986 661 4038 16
681 3985 845 4054 expectando
865 3985 1002 4037 Erasinus
1076 3987 1107 4037 19
1126 3985 1281 4038 huiusmodi
1300 3987 1327 4038 P

185 4074 375 4141 (haum)
448 4073 785 4142 20cumP(cinras.)
857 4073 1142 4128 23haberesaP
1213 4091 1324 4127 consua-

184 4167 281 4217 ucrunt
302 4164 327 4217 Τ
380 4165 414 4216 25
433 4162 657 4231 interpretatione
676 4161 703 4213 P
721 4163 746 4231 (ο
765 4178 786 4215 a.
806 4179 832 4214 u.
852 4164 909 4231 ur2)
929 4210 930 4214 ,
