3008 4666
444 278 591 332 Exemeron
610 277 667 331 1111
685 280 711 339 6,
729 276 834 331 25-21
872 276 897 344 (Ι
916 276 950 329 14
968 276 1063 331 Β-75
1082 273 1123 345 0).
1270 278 1334 341 133

95 472 142 539 26
188 492 208 537 a
239 472 328 537 nullo
361 472 471 537 distat.
504 472 583 535 nulli
615 471 819 554 praesentior,
853 470 932 534 nulli
965 471 1114 535 remotior
1146 474 1204 534 est.
1233 490 1334 552 neque

186 580 220 643 te
248 582 379 643 moueat
405 579 490 660 quod
517 583 679 661 tamquam
709 578 857 642 cubitalis
885 577 944 641 tibi
973 577 1057 640 orbis
1085 576 1213 640 uidetur
1246 576 1334 653 solis,

186 704 262 750 cum
304 685 413 761 oritur,
456 685 512 748 sed
553 684 716 749 considera
757 686 910 766 qnantum
951 683 1077 747 intersit
1118 683 1213 765 spatii
1255 682 1337 747 inter

187 792 290 856 solem
319 794 351 855 et
378 796 488 867 terras,
519 791 604 873 qnod
632 794 780 873 aspectus
808 790 907 855 nostri
934 790 1100 853 infirmitas
1130 789 1196 853 sine
1219 808 1334 873 magno

152 897 241 962 usui
272 916 333 961 non
366 900 473 979 potest
505 897 636 960 transire
670 896 846 978 dispendio.
881 896 997 979 caligat
1033 899 1181 978 aspectus
1214 899 1334 960 noster:

187 1004 345 1085 numquid
383 1004 431 1068 sol
468 1003 587 1086 caligat
623 1006 679 1067 aut
714 1003 815 1066 luna?
853 1006 1008 1086 angustus
1046 1005 1153 1066 noster
1189 1003 1334 1067 obtutus:

187 1110 345 1192 numquid
385 1110 455 1175 ideo
498 1110 683 1194 angustiora
725 1108 823 1174 efficit
869 1128 947 1190 quae
993 1109 1166 1173 uidentur?
1214 1109 1335 1191 species

188 1216 353 1293 minuitur,
383 1236 443 1281 non
469 1216 653 1300 magnitudo
679 1216 864 1280 detrahitur.
889 1234 990 1297 neque
1015 1206 1425 1280 111111111111111111117511

189 1326 317 1388 nostrae
353 1323 510 1404 passionis
547 1324 688 1406 passioni
729 1323 934 1388 luminarium
976 1322 1127 1386 debemus
1170 1322 1334 1387 ascribere.

141 1452 171 1491 ιο
189 1430 344 1495 ment'tur
380 1434 487 1494 noster
523 1433 689 1513 aspectus;
728 1431 793 1493 noli
831 1449 905 1513 ergo
942 1428 1035 1493 fidele
1068 1429 1135 1494 eius
1169 1429 1336 1493 aestimare

188 1535 354 1612 iudicium,
387 1534 443 1598 sed
476 1534 663 1599 caelestium
695 1535 798 1599 minor
829 1534 1002 1615 spectaculi
1039 1533 1150 1617 figura,
1186 1554 1247 1598 non
1287 1534 1337 1599 sui

189 1642 301 1705 forma.
330 1641 367 1705 de
397 1660 521 1705 summo
551 1643 670 1705 uertice
698 1641 855 1705 montium
884 1641 912 1704 si
941 1640 1120 1704 subiectum
1145 1641 1246 1704 oculis
1270 1641 1336 1705 tuis

189 1766 337 1831 campum
352 1752 494 1831 spectare
510 1747 670 1811 desideres
687 1750 780 1829 atque
799 1747 865 1811 illic
885 1750 1025 1810 armenta
1043 1747 1214 1827 pascentia,
1235 1766 1336 1811 nonne

189 1854 394 1920 formicarum
419 1854 536 1917 similia
560 1868 691 1935 corpora
714 1852 898 1918 iudicabis?
921 1854 948 1917 si
971 1873 1056 1917 mare
1081 1856 1206 1936 spectes
1232 1872 1336 1936 espe-

144 1984 171 2024 11
190 1961 264 2026 cula
283 1960 389 2043 aliqua
406 1961 534 2037 literali,
554 1979 655 2024 nonne
674 1960 733 2024 tibi
752 1960 883 2023 nauium
902 1961 1055 2023 maximae
1073 1960 1156 2023 inter
1174 1960 1336 2024 caeruleos

189 2068 307 2131 fluctus
327 2068 400 2132 uela
418 2068 582 2131 candentia
600 2067 793 2150 refulgentes
812 2067 904 2131 uelut
922 2067 1140 2131 columbarum
1157 2066 1336 2131 nolentium
1353 2068 1376 2122 B

190 2174 330 2256 speciem
359 2174 482 2238 eminus
505 2177 602 2254 ponto
626 2174 776 2237 uidentur
799 2174 969 2237 obtexere?
995 2174 1070 2255 quid
1093 2174 1180 2256 ipsae
1203 2160 1335 2251 insulae,

190 2298 272 2363 quae
300 2298 386 2342 mare
411 2279 567 2354 diludunt,
591 2281 746 2342 terrarum
770 2299 846 2343 arua
869 2279 1058 2355 diffundunt,
1084 2299 1179 2362 quam
1202 2283 1336 2364 angusto

192 2386 402 2451 aestimantur
424 2385 485 2448 fine
510 2385 664 2462 concludi,
690 2386 956 2466 quemadmodum
976 2387 1110 2450 rotunda
1129 2390 1281 2468 apparent
1299 2386 1337 2450 de

143 2493 322 2574 acceperis,
343 2492 447 2575 spissa
467 2492 504 2556 de
527 2492 622 2556 raris!
648 2493 705 2556 has
731 2512 804 2574 ergo
829 2492 1028 2557 infirmitates
1047 2494 1138 2557 uisus
1158 2494 1206 2558 tui
1224 2494 1336 2576 pende,

191 2602 224 2663 et
261 2618 370 2663 eorum
404 2618 483 2680 quae
502 2599 690 2663 astruimus
724 2599 818 2663 fidem
851 2619 886 2663 ex
919 2604 950 2663 te
981 2600 1051 2683 ipso
1084 2601 1200 2664 arbiter
1231 2600 1337 2664 iustus

98 2712 144 2775 27
192 2725 345 2771 arcesses.
370 2705 425 2769 sed
449 2706 499 2769 uis
524 2706 776 2789 magnitudinem
796 2706 873 2771 solis
893 2726 952 2770 non
974 2708 1078 2770 solum
1098 2709 1189 2771 oculo
1209 2708 1336 2786 mentis,
1357 2706 1377 2761 O

192 2813 247 2877 sed
271 2812 367 2875 etiam
387 2812 525 2893 corporis
545 2812 737 2875 aestimare?
757 2812 920 2876 considera
939 2813 1047 2893 quanti
1067 2802 1230 2876 stellarum
1250 2813 1338 2897 globi

128 2959 131 2963 -
192 2938 280 2984 arem
300 2918 380 2982 caeli
398 2919 567 2982 uideantur
585 2918 721 2982 interere
741 2922 773 2982 et
790 2918 963 2983 innumeris
982 2919 1133 3003 insignire
1151 2920 1336 2998 luminibus,

144 3054 174 3094 ss
192 3045 255 3090 uon
283 3029 403 3107 queunt
430 3028 536 3088 tamen
564 3025 710 3088 tenebras
739 3026 840 3089 noctis
871 3028 902 3089 et
930 3025 1008 3088 caeli
1032 3025 1140 3090 nubila
1165 3026 1336 3111 detergere.

192 3132 291 3196 simul
323 3135 360 3195 ut
393 3131 440 3196 sol
474 3135 562 3196 ortus
597 3133 647 3195 sui
681 3132 771 3217 signa
798 3132 1006 3213 praemiserit,
1037 3152 1144 3198 omnes
1174 3134 1337 3197 stellarum

190 3238 284 3323 ignes
322 3239 380 3302 sub
419 3239 512 3302 unius
545 3239 711 3302 luminaris
742 3238 865 3322 fulgore
897 3244 1082 3318 uanescunt,
1117 3240 1255 3322 aperitur
1287 3259 1338 3304 aer

284 3429 381 3483 2Bas.
407 3431 458 3482 140
481 3429 566 3482 B-l)
594 3430 639 3495 (59
664 3428 757 3495 B-E)
784 3428 850 3482 isid.
875 3429 908 3481 de
931 3434 988 3484 nat.
1020 3446 1069 3484 rer.
1097 3431 1138 3495 16,
1165 3432 1193 3497 2;
1222 3430 1254 3487 cf.
1282 3428 1337 3486 Cic.

190 3516 277 3572 Acad.
296 3518 378 3571 1182
398 3517 493 3571 defin.
513 3517 527 3570 Ι
546 3517 580 3570 20
635 3518 669 3571 22
687 3517 750 3570 Bas.
772 3519 820 3571 141
841 3518 888 3570 AB
910 3519 955 3587 (60
974 3518 1032 3585 ΑΒ)

228 3641 245 3695 8
263 3641 449 3694 infirmitatem
471 3641 524 3695 GR
542 3642 699 3696 infirmitate
721 3642 744 3695 0
761 3643 883 3709 (111113)
903 3643 959 3695 PV
975 3643 1141 3697 infirmitatis
1160 3649 1208 3699 cet.
1246 3646 1338 3713 tipes-

189 3729 275 3782 sionis
295 3729 348 3783 ΠΒ
365 3730 504 3799 passiones
524 3737 571 3787 cet.
627 3733 660 3785 10
680 3732 736 3785 cius
762 3730 818 3784 VN
834 3748 878 3785 eos
900 3731 978 3786 CGP
1038 3732 1339 3798 trecassium

188 3820 232 3885 fit)
252 3819 342 3874 Bracae.
362 3820 398 3872 sit
417 3825 464 3873 cet.
557 3821 589 3873 13
609 3820 789 3875 desiderasti
869 3822 903 3875 14
922 3824 1045 3891 expectes
1064 3819 1090 3872 Π
1163 3823 1232 3876 cM
1247 3822 1337 3883 Broc,

190 3907 287 3971 Germ,
298 3924 349 3962 om.
360 3914 406 3961 eet.
452 3909 484 3961 16
499 3909 717 3963 uolitantiumN
761 3912 792 3963 17
808 3914 890 3981 ponto
906 3908 931 3961 Π
945 3911 1033 3981 posito
1048 3911 1081 3964 N
1123 3911 1155 3965 18
1171 3911 1335 3982 diffundunt]

188 3995 318 4050 diffidunt
335 3997 368 4053 ab
388 3996 535 4050 diffindunt
553 3997 593 4050 cd.
612 3999 691 4052 Rom.
739 4000 773 4052 20
791 4000 927 4070 perpende
946 3999 1042 4056 aare
1091 4000 1125 4053 22
1144 4017 1263 4055 arcesses
1282 4001 1340 4056 MS

187 4085 303 4138 arcessis
321 4083 346 4136 11
365 4086 465 4138 accersi
483 4085 521 4138 Ν’
541 4087 654 4139 accersis
673 4088 700 4139 B
755 4089 839 4142 sinis
860 4107 877 4138 α
913 4089 948 4141 24
966 4088 1144 4157 insigniseC
1179 4091 1340 4145 2511111]

186 4174 224 4227 26
243 4174 420 4243 praemiserat
441 4172 465 4226 0
517 4174 713 4229 27111111111
733 4178 812 4244 (corr.
831 4181 888 4245 m2)
912 4176 989 4231 061>
