3008 4666
206 245 248 306 26
679 239 876 295 Ambrosii

206 436 274 500 eius
297 435 501 518 pulchritudo
525 439 719 501 uernasset?
754 435 899 500 demersa
921 436 1012 518 aquis
1042 436 1232 530 describitur
1259 438 1351 503 uelut

205 542 331 607 cuidam
363 542 589 626 principiorum
623 561 754 607 suorum
789 542 916 607 addicta
947 543 1111 627 naufragio
1141 547 1173 609 et
1200 545 1303 609 adhuc
1332 564 1350 608 a

204 648 364 714 nonnullis
388 650 473 714 facta
496 669 558 715 non
583 649 739 714 creditur:
770 649 847 732 quid
875 648 903 713 si
932 649 1076 717 decorem
1098 650 1348 735 primogenitum

204 756 405 821 uindicaret?
434 756 557 821 accedit
583 755 664 819 illud
693 756 778 837 quod
805 755 982 821 imitatores
1010 775 1068 820 nos
1096 757 1147 822 sui
1175 758 1253 822 deus
1279 777 1349 822 esse

203 863 318 941 uoluit,
341 865 378 926 ut
400 862 502 944 primo
526 862 680 926 faciamus
705 862 821 944 aliqua,
845 865 958 945 postea
977 865 1194 945 uenustemuS‚
1214 883 1252 928 ne
1273 864 1348 928 dum
1380 887 1392 925 a
1417 865 1438 921 O

136 964 137 968 ’
204 968 300 1033 simul
328 973 499 1051 utrumque
533 968 701 1046 adorimur,
734 971 882 1033 neutrum
913 970 1075 1052 possimus
1107 970 1236 1053 inplere.
1269 969 1347 1034 fides

203 1077 310 1141 autem
333 1077 442 1140 nostra
465 1075 602 1157 quodam
626 1075 725 1158 gradu
750 1075 873 1140 crescit.
897 1075 967 1141 ideo
990 1076 1129 1158 primum
1152 1077 1229 1141 fecit
1257 1076 1346 1153 deus,

201 1184 314 1263 postea
340 1181 536 1258 uenustauit‚
564 1183 602 1245 ut
629 1181 764 1246 eundem
793 1182 957 1246 credamus
987 1201 1114 1247 ornasse
1140 1183 1194 1265 qui
1217 1182 1293 1246 fecit
1316 1185 1348 1246 et

201 1287 317 1351 fecisse
351 1287 405 1368 qui
439 1287 606 1364 errauerit
635 1306 675 1352 ne
703 1287 837 1353 alterum
865 1291 1015 1370 putemus
1044 1307 1182 1367 ornasse,
1200 1289 1348 1352 alterum

203 1394 372 1472 crepuisse,
401 1393 458 1457 aed
486 1393 621 1458 eundem
650 1395 821 1476 utrumque
850 1413 920 1459 esse
949 1398 1125 1478 operatum,
1149 1401 1186 1459 ut
1208 1395 1346 1476 primum
1368 1419 1393 1458 ιο

201 1499 328 1578 laceret,
351 1502 463 1581 postea
487 1501 686 1581 conponeret,
710 1503 748 1564 ut
770 1501 904 1564 alterum
923 1500 1020 1565 altero
1041 1500 1228 1566 crederetur.
1249 1500 1347 1565 habes

200 1606 232 1669 in
257 1605 423 1688 euangelio
447 1604 543 1670 huius
566 1604 613 1669 rei
637 1605 769 1670 euidens
788 1605 1019 1670 testimonium.
1040 1625 1112 1668 nam
1133 1606 1346 1670 suscitaturus
1410 1621 1435 1674 D
1463 1657 1468 1667 .

200 1711 356 1775 Lanarum
389 1711 537 1776 dominus
569 1711 676 1790 iussit,
709 1715 746 1775 ut
777 1711 887 1775 Iudaei
914 1713 1115 1777 remouerent
1140 1711 1279 1791 lapidem
1309 1712 1347 1775 de

194 1819 380 1901 sepulchro,
400 1821 438 1884 ut
455 1821 618 1882 mortuum
636 1817 782 1886 uidentes
801 1821 912 1899 postea
930 1817 1157 1883 resuscitatum
1176 1817 1346 1882 crederent.

201 1925 312 1990 deinde
341 1925 471 1990 uocauit
497 1925 660 2001 Lazarum,
691 1927 723 1988 et
749 1925 921 1988 resurrexit
949 1927 980 1989 et
1006 1924 1115 2008 ligatis
1143 1923 1290 1988 manibus
1315 1927 1347 1987 et
1365 1952 1391 1991 ns

200 2032 335 2115 pedibus
368 2031 467 2096 exiuit
498 2032 592 2096 foras.
626 2050 728 2096 nonne
760 2033 893 2113 poterat
916 2049 1080 2096 remouere
1115 2030 1253 2111 lapidem
1291 2031 1346 2112 qui

199 2141 326 2220 poterat
352 2140 515 2202 mortuum
542 2137 759 2202 resuscitare?
789 2140 821 2202 et
849 2137 904 2219 qni
931 2136 1038 2219 potuit
1066 2136 1215 2201 defuncto
1244 2136 1346 2201 uitam

199 2247 328 2310 reddere
360 2266 422 2311 non
454 2245 562 2327 potuit
593 2264 692 2310 nexus
727 2245 850 2309 soluere
884 2245 1110 2310 uinculorum?
1144 2245 1194 2309 oui
1227 2244 1344 2308 uinctis

200 2353 334 2434 pedibus
364 2371 510 2435 gressum
543 2352 639 2430 dedit,
672 2352 747 2416 huie
779 2372 841 2417 non
869 2352 976 2435 potuit
1002 2352 1104 2433 ruptis
1133 2350 1270 2415 uinculis
1299 2351 1345 2413 in-

200 2477 326 2523 cessum
350 2458 505 2522 reddere?
529 2458 585 2522 sed
608 2458 719 2540 utique
743 2458 939 2522 aduertimus
972 2458 1057 2539 quod
1079 2457 1185 2522 uoluit
1205 2457 1344 2540 primunr
1363 2464 1428 2521 soll

200 2564 413 2629 demonstrare
459 2569 632 2639 mortuum,
678 2567 715 2628 ut
761 2565 862 2630 oculis
908 2565 976 2629 suis
1018 2564 1189 2642 crederent,
1232 2563 1343 2627 deinde

198 2671 399 2750 resuscitare,
422 2671 516 2735 tertio
540 2672 659 2749 iubere,
683 2674 720 2735 ut
742 2671 806 2752 ipsi
828 2672 957 2736 uincula
979 2670 1097 2736 funeris
1118 2671 1343 2747 soluerentur

197 2779 280 2842 inter
301 2778 366 2842 ista
387 2778 466 2842 fides
490 2778 709 2842 infunderetur
727 2778 909 2843 infidelibus
929 2781 961 2843 et
978 2797 1034 2861 per
1053 2777 1169 2862 gradus
1190 2775 1342 2858 quosdam

199 2883 367 2948 credulitas
391 2888 582 2948 nasceretur.

108 2987 142 3068 8,
153 2988 195 3050 28
241 2991 332 3056 Fecit
360 3009 434 3073 ergo
463 2991 602 3071 primum
631 2991 709 3055 deus
735 2993 858 3057 caelum
883 2996 914 3056 et
936 2994 1063 3070 terram,
1089 3010 1125 3055 ea
1147 2993 1254 3054 tamen
1278 3009 1339 3054 non
1359 3007 1429 3062 een

197 3097 288 3178 quasi
302 3099 463 3180 perpetua,
480 3097 536 3161 sed
551 3098 643 3179 quasi
657 3098 871 3180 corruptibilis
892 3101 1053 3162 creaturae
1073 3095 1340 3163 consummationi

195 3202 301 3266 uoluit
319 3201 492 3269 subiacere.
513 3203 597 3268 unde
616 3204 648 3267 in
667 3205 780 3269 Esaiae
798 3205 880 3270 libro
901 3205 964 3268 ait:
984 3205 1114 3270 tollite
1133 3204 1168 3268 in
1194 3206 1339 3269 eaelum

196 3308 327 3372 oculos
357 3312 509 3373 uestros
541 3313 577 3374 et
604 3310 766 3393 aspicite
794 3311 830 3374 in
864 3313 1000 3375 terram
1035 3310 1217 3387 deorsum,
1252 3312 1339 3393 quia

285 3551 318 3604 12
337 3550 395 3604 ron.
413 3551 458 3623 11,
477 3552 509 3604 41
531 3569 588 3622 sqq.
633 3552 678 3605 1127
698 3553 769 3606 usar.
790 3555 832 3617 or,
853 3557 868 3609 c

231 3692 246 3744 6
266 3691 406 3746 adoremus
428 3693 451 3746 O
468 3699 493 3747 et
511 3694 590 3758 (corr.
609 3697 667 3761 oo2)
686 3695 714 3747 P
731 3695 871 3748 adoremur
891 3699 970 3761 (corr.
990 3698 1045 3762 md)
1065 3696 1091 3750 G
1146 3699 1160 3750 7
1180 3699 1266 3766 primo
1280 3698 1339 3752 MS
1358 3694 1362 3702 '

194 3779 210 3831 8
221 3779 291 3847 fort.
311 3778 407 3833 fecerit
424 3779 475 3851 (sic
497 3781 588 3849 Caret.)
669 3783 702 3836 10
721 3783 806 3851 primo
825 3783 857 3837 N
933 3784 963 3836 11
984 3784 1024 3853 ut]
1044 3802 1079 3839 ne
1097 3786 1150 3853 N‘;
1168 3803 1201 3838 ne
1221 3787 1335 3839 alterum

194 3869 278 3920 altero
300 3869 346 3932 (ri
367 3869 460 3936 Ornet.)
481 3869 573 3923 deesse
594 3871 746 3924 crederetur
767 3870 849 3933 Gra?
870 3871 950 3926 Caret.
1000 3877 1033 3928 15
1053 3873 1207 3927 uocabitC
1271 3881 1361 3943 post·

193 3957 323 4009 Lazarum
343 3974 398 4010 ros.
421 3961 438 4010 7
458 3959 508 4012 litt.
531 3958 555 4011 C
622 3960 725 4028 ligatus
745 3960 866 4014 PVM¹S
884 3968 909 4015 et
929 3964 971 4029 (us
990 3967 1037 4016 m2
1056 3980 1088 4016 erc
1106 3963 1140 4028 is)
1160 3964 1197 4016 M
1242 3965 1274 4016 17
1293 3982 1334 4016 re-

193 4045 322 4097 suscitare
345 4045 467 4101 CGVM‘
488 4048 617 4101 suscitare
637 4055 683 4102 cet.
775 4050 809 4103 20
829 4052 914 4120 primo
941 4052 995 4107 VN
1073 4054 1104 4106 21
1127 4056 1154 4106 et
1174 4052 1258 4105 oculis
1280 4052 1334 4109 0¹21*

192 4131 226 4183 23
246 4132 343 4200 grados
362 4135 443 4204 (corr.
463 4140 519 4204 2222)
543 4136 621 4191 OGP
673 4137 707 4191 28
726 4138 754 4191 in
774 4155 824 4194 om.
844 4139 903 4194 MS
