3008 4666
366 248 408 300 De
428 244 495 300 Cain
515 250 543 299 et
561 245 630 300 Abel
649 247 677 300 II
695 248 721 314 9,
740 246 774 301 38
813 249 837 313 (Ι
856 249 908 303 223
927 249 1040 302 Α-224
1058 251 1101 315 Β).
1225 256 1289 319 409

142 439 173 502 in
197 440 336 504 Lamech
366 442 548 525 septuagies
578 443 696 523 septIes
724 442 915 520 uindicatur,
946 444 1019 524 quia
1047 445 1174 528 grauior
1197 447 1291 527 eulpa

143 546 213 610 eius
238 548 365 629 estqui
389 566 445 611 nec
469 552 543 630 post
566 549 799 614 damnationem
824 568 857 613 se
882 551 1014 614 correxit
1038 551 1179 616 alterius.
1215 552 1290 618 Cain

142 654 266 734 impetu
300 655 436 736 quodam
467 655 634 737 inprouida
669 658 740 719 ante
772 660 969 737 permaneret,
1007 658 1144 722 Lamech
1181 659 1291 741 utique

144 759 228 844 qued
257 761 289 823 in
318 760 416 824 altero
444 761 672 841 reprehensum
701 761 880 824 aduerterat
907 780 1019 825 cauere
1044 762 1205 826 debuerat.
1230 783 1287 829 suo
1312 770 1334 822 Β

112 867 300 932 asententia
324 866 422 930 iudici
447 866 631 943 debebatur,
656 887 695 931 ne
719 867 790 948 quis
814 867 934 948 passim
958 888 1044 932 reum
1068 871 1197 948 putaret
1220 888 1290 934 esse

143 972 330 1037 feriendum.
357 977 388 1037 et
412 975 449 1036 ut
472 973 511 1037 ad
534 973 723 1056 mysterium
746 973 867 1049 uenias,
893 993 953 1038 non
978 973 1088 1039 debuit
1111 975 1290 1039 interimere

145 1099 218 1143 eum
242 1080 297 1162 qui
322 1099 422 1160 usque
447 1081 486 1143 ad
509 1081 686 1144 naturalem
709 1080 881 1144 terminum
910 1081 1021 1146 mertis
1051 1100 1127 1145 suae
1152 1082 1290 1165 agendae

144 1186 283 1250 habebat
311 1187 450 1267 spatium
478 1186 701 1268 paenitentiae.
730 1205 877 1250 excusare
904 1192 1016 1268 posset
1039 1189 1123 1269 quud
1148 1207 1181 1252 se
1204 1188 1290 1252 rede·

144 1292 258 1357 misset
289 1293 342 1356 uel
376 1312 444 1357 sera
479 1293 603 1358 actione
635 1293 857 1375 paenitentiae,
891 1294 954 1357 nisi
986 1314 1059 1358 eum
1090 1297 1291 1376 praematura

100 1419 125 1456 10
143 1416 244 1480 poena
266 1398 435 1479 rapuisset.

236 1590 248 1641 1
270 1587 336 1642 Gen.
355 1591 380 1652 4,
401 1591 435 1642 24
453 1589 533 1643 Philo
553 1589 663 1655 Quaest.
682 1590 744 1643 177

180 1730 197 1781 3
216 1730 370 1798 peccauerit
388 1731 410 1785 S
429 1733 509 1795 (eorr.
529 1735 586 1795 m3)
605 1730 643 1783 M
712 1733 728 1784 5
748 1747 806 1784 esse
825 1730 977 1784 feriendum
996 1734 1105 1800 putaret
1123 1732 1150 1783 B
1225 1731 1239 1782 7
1258 1732 1289 1783 ia

144 1818 227 1871 uerbo
245 1819 397 1872 naturalem
417 1819 517 1873 desinit
533 1820 571 1873 M
586 1821 628 1891 (iu
645 1821 667 1887 f.
688 1822 781 1885 180r);
802 1820 903 1873 excidit
920 1820 1021 1886 fotium
1095 1820 1127 1872 10
1146 1818 1288 1887 rapuisset.

145 1922 232 1960 amen.
255 1907 425 1962 EXPLICIT
447 1909 495 1962 DE
515 1907 602 1963 CAIN
620 1909 665 1962 ET
684 1908 777 1962 ABEL
796 1909 905 1962 LIBER
924 1907 1113 1962 SECUNDUS
1137 1908 1186 1962 SA
1210 1913 1235 1961 et
1252 1907 1289 1959 A‘

145 1997 204 2064 (qui
227 1994 292 2049 add.
310 1996 420 2050 BEATI
437 1996 613 2051 AMBROSII
634 1996 826 2051 FELICITER
847 1995 922 2051 DEO
947 1981 1047 2051 (W.
1070 1996 1187 2062 AMHN)
1212 2001 1237 2049 et
1254 1997 1288 2048 P‘

146 2085 205 2152 (qur
218 2100 268 2137 om.
283 2084 391 2138 mans
405 2084 605 2152 suasurus)
618 2086 760 2154 rapuisset.
781 2102 865 2139 amen.
885 2084 1062 2140 ananusrr
1080 2072 1142 2139 nm
1157 2085 1288 2139 mauro-

144 2173 321 2228 LANENSIS
340 2174 389 2227 DE
409 2174 496 2229 CAIN
514 2174 560 2228 ΕΤ
579 2174 672 2228 ABEL
690 2174 799 2227 LIBER
817 2173 1006 2229 SECUNDUS
1023 2174 1215 2229 FELICITER
1229 2173 1288 2226 EX·

144 2261 272 2317 PLICIT.
290 2262 383 2316 LAUS
401 2262 475 2316 DEO
494 2263 537 2316 Μ’
555 2260 722 2316 EXPLICIT
739 2263 773 2318 P.
792 2264 824 2316 iu
840 2264 868 2316 B
886 2279 943 2318 neu
962 2268 1000 2316 est
1018 2264 1182 2332 subscriptio
