3008 4666
418 243 458 295 De
478 243 535 298 Noe
557 247 596 298 12.
619 246 660 307 13,
680 245 785 298 40-42
825 246 848 310 (Ι
865 247 919 298 242
938 245 1052 300 1)-243
1070 246 1116 312 E).
1274 251 1342 314 439

194 437 226 501 in
262 438 379 521 leprosi
417 439 555 520 corporis
594 438 732 521 speciem
774 439 858 522 turpi
900 439 1085 523 contagione
1129 441 1341 505 commaculat

195 544 339 609 salubres
364 545 574 628 cogitationes
598 545 697 609 noxiis
723 565 815 627 saepo
839 546 1044 627 permiscens.

104 654 144 716 41
240 650 302 716 Sed
325 652 459 715 fortasse
484 652 558 732 quia
580 653 698 716 munda
722 655 754 715 et
776 651 927 716 inmunda
949 653 1056 718 induci
1078 653 1109 717 iu
1129 673 1232 718 arcam
1252 665 1439 737 prae-man

194 757 257 839 cipi
281 758 382 822 cernis
405 758 577 822 animantia
594 758 661 821 iure
681 777 809 823 mouere
828 763 860 822 te
879 759 991 840 possit,
1012 761 1086 840 quia
1112 761 1174 824 dixi
1198 761 1340 826 honestis

160 892 172 928 s
194 864 479 946 disceptationibus
503 865 665 929 indecoras
690 884 750 928 non
775 884 844 929 esse
869 866 1057 931 miscendas.
1083 887 1137 931 nec
1158 887 1215 952 ego
1236 869 1339 932 abnuo

192 971 461 1035 inrationabilium
508 972 646 1052 quidem,
694 973 882 1036 nmndorum
928 976 1032 1037 tamen
1079 976 1225 1039 motuum
1271 994 1340 1039 osse

193 1078 299 1160 aliqua
323 1078 444 1142 semina
468 1082 500 1141 et
524 1079 614 1158 qrrasi
633 1078 787 1161 principia
805 1079 836 1142 in
857 1080 960 1143 anima
979 1084 1086 1145 nostra
1106 1083 1137 1145 et
1157 1101 1264 1145 eorum
1285 1078 1340 1164 qui

193 1185 303 1248 mundi
327 1204 388 1248 non
413 1185 486 1251 sint.
511 1190 623 1250 natura
648 1185 731 1249 enim
754 1186 893 1250 hominis
918 1186 1144 1252 contrariorum
1165 1192 1214 1253 est
1233 1208 1339 1271 capas,

192 1297 230 1356 ut
253 1295 285 1355 et
307 1291 448 1356 malitiae
472 1287 502 1354 in
533 1310 601 1355 eam
631 1292 674 1356 sit
702 1298 733 1356 θῖ
760 1293 873 1357 uirtuti
900 1293 1074 1376 ingressus,
1104 1294 1279 1377 meritoque
1307 1296 1338 1359 in

149 1426 174 1465 ιο
193 1398 347 1480 principio
371 1399 444 1463 libri
468 1399 574 1477 huius,
599 1399 653 1481 qui
678 1403 727 1463 est
752 1399 896 1478 Genesis
922 1420 977 1482 per
1001 1401 1120 1465 arboris
1146 1401 1283 1483 speciem
1306 1403 1337 1466 in

193 1506 333 1589 paradisi
360 1506 463 1571 medio
492 1506 600 1590 legisti
627 1506 702 1570 boni
730 1510 762 1570 et
789 1507 864 1570 mali
893 1507 1067 1572 scientiam.
1103 1509 1141 1572 de
1165 1529 1226 1590 quo
1250 1509 1337 1592 ligno
1365 1516 1390 1568 B

194 1612 344 1677 scientiae
372 1612 447 1676 boni
475 1616 507 1676 θῖ
533 1613 610 1676 mali
637 1616 839 1696 praeceptum
868 1616 1004 1678 estnon
1033 1634 1103 1679 esse
1133 1617 1337 1698 gustandum,

193 1737 228 1783 eo
253 1719 336 1799 quod
360 1738 447 1782 mens
473 1719 645 1802 nostram
671 1723 805 1801 quaest
833 1721 971 1801 cognitio
1001 1724 1032 1785 et
1059 1720 1235 1803 disciplina,
1264 1724 1340 1787 boni

193 1830 224 1888 et
246 1824 323 1888 mali
347 1825 460 1908 recipit
483 1825 654 1892 notionem.
679 1826 786 1908 itaque
809 1830 939 1891 naturae
964 1827 1067 1908 opifex
1091 1829 1175 1894 sicut
1202 1830 1242 1893 ad
1269 1849 1339 1912 pro-

148 1956 174 1997 15
193 1932 372 2015 pagandum
402 1934 454 1995 uel
483 1932 579 1996 etiam
601 1933 809 2014 reparandum
833 1953 932 2016 genus
957 1934 1129 1998 animantia
1150 1935 1338 2013 reseruauit,

192 2039 229 2100 ut
251 2038 419 2103 uniuersae
443 2043 544 2104 terrae
569 2022 775 2103 animantium
801 2040 919 2104 semine
943 2042 1146 2124 replerentur,
1171 2044 1215 2106 ita
1242 2044 1338 2107 etiam

193 2145 331 2227 corporis
355 2146 456 2210 nostri
479 2149 633 2209 terrenam
658 2147 868 2210 substantiam
890 2167 1025 2211 uacuam
1044 2169 1104 2212 uon
1123 2150 1251 2232 putauit
1268 2169 1339 2233 pas-

192 2252 316 2316 sionum
349 2251 533 2316 huiusmodi
564 2255 725 2335 tamquam
764 2252 988 2318 inmundorum
1027 2256 1211 2320 animalium
1246 2257 1338 2321 relin-

193 2359 358 2438 quendam,
383 2378 462 2441 quae
487 2377 559 2422 cum
584 2359 706 2423 deliciis
731 2362 762 2423 et
784 2361 906 2425 luxurie
935 2365 1097 2444 tamquam
1126 2364 1196 2427 uice
1226 2363 1337 2428 diluuii
1365 2368 1388 2423 O

146 2488 173 2530 ro
191 2464 414 2550 ingurgitatur,
448 2466 631 2530 memoratis
662 2467 798 2530 fluctuat
823 2468 1037 2550 passionibus.
1071 2471 1125 2534 ubi
1154 2474 1261 2534 autem
1289 2490 1337 2535 so·

190 2569 325 2634 brietate
355 2575 387 2635 et
416 2572 609 2636 continentia
637 2572 856 2654 unusquisque
884 2575 1102 2639 inundantium
1135 2577 1339 2642 euacuauorit

193 2676 350 2741 diluuium
373 2678 557 2761 passionum
581 2682 613 2742 et
641 2679 796 2760 quandam
825 2680 946 2744 animae
973 2681 1120 2744 retexerit
1148 2683 1335 2763 siccitatem,

190 2783 352 2848 uiuificare
376 2784 489 2866 incipit
512 2805 605 2849 suum
630 2804 744 2868 corpus
769 2790 800 2850 et
824 2787 945 2851 animae
969 2788 1150 2870 puritatem,
1176 2789 1227 2853 cui
1255 2791 1336 2874 regi-

190 2910 260 2954 men
285 2891 439 2972 sapientia
464 2895 522 2956 θεῖ.

58 3002 119 3079 ,42
143 3022 169 3062 rs
233 2996 318 3061 Illud
337 3017 462 3079 quoque
484 2999 589 3062 studio
611 3003 660 3063 est
678 3018 834 3080 quaerere,
856 3020 934 3082 quae
955 3020 1049 3065 carisa
1064 3005 1114 3066 est
1129 3021 1193 3078 cur,
1209 3009 1332 3085 postea·
1358 3018 1387 3070 Ι)

189 3121 283 3183 quam
316 3103 479 3186 ingressus
513 3109 562 3168 est
593 3105 662 3169 Noe
696 3125 799 3169 arcam
833 3109 864 3170 et
896 3107 1019 3171 induxit
1051 3109 1232 3183 animantia,
1260 3115 1334 3191 post
1362 3123 1386 3175 Ε

189 3211 311 3290 septem
340 3210 407 3274 dies
438 3210 593 3274 diluuium
624 3212 742 3275 factum
773 3214 824 3276 sit.
854 3233 913 3277 non
940 3215 1022 3278 enim
1046 3216 1184 3280 otiosum
1208 3217 1335 3280 nudetur

279 3469 311 3523 10
331 3469 397 3524 Gen.
419 3473 443 3533 2,
463 3473 479 3524 9
500 3476 527 3524 θῖ
548 3473 579 3525 Π
635 3475 669 3526 '25
688 3472 768 3525 Philo
789 3474 899 3538 Quarst.
920 3476 947 3528 Π
968 3477 999 3529 13

223 3610 380 3665 2salubres
399 3614 427 3665 P
445 3617 467 3678 (s
488 3615 536 3666 alt.
556 3631 576 3667 ε.
599 3632 623 3667 u.
644 3619 699 3681 rrr2)
773 3616 837 3668 4ῖθ
857 3633 908 3669 our.
928 3617 960 3668 N
1037 3619 1125 3671 bnon
1147 3619 1227 3671 TNB
1246 3625 1280 3671 no
1301 3637 1337 3674 aa

187 3717 236 3752 nos
259 3700 404 3754 T‘nosP
448 3704 662 3757 6tanreu...et
682 3720 772 3756 corum
792 3705 891 3758 orraT
945 3706 1037 3775 aliqua
1057 3707 1167 3760 esscN
1214 3708 1333 3776 iteapax

187 3789 380 3843 contrariorum
401 3795 442 3843 θεῖ
460 3792 487 3843 Β
560 3809 641 3861 capax
661 3796 703 3846 est
721 3794 754 3845 N
807 3795 822 3846 9
842 3798 873 3847 ut
893 3797 920 3847 et
940 3795 979 3848 ed.
1000 3796 1091 3849 Paris.
1115 3813 1140 3852 a.
1160 3798 1236 3850 1569
1255 3801 1283 3851 θῖ
1302 3801 1335 3851 ut

186 3876 251 3930 libri
348 3880 470 3934 malitiae
494 3881 521 3933 in
542 3898 600 3934 cam
620 3883 695 3935 Purl
713 3883 738 3935 Τ
754 3884 875 3936 malitiae
894 3884 935 3936 uis
954 3885 983 3937 iu
1003 3902 1060 3938 earn
1082 3887 1162 3939 Pac?
1175 3886 1207 3939 T‘
1226 3888 1334 3940 malitia
1355 3902 1360 3911 ·

185 3966 213 4018 in
232 3967 334 4020 eaNB
406 3970 657 4024 uirtutiouirtutis
678 3972 744 4024 libri
795 3973 828 4026 10
846 3973 926 4026 huius
946 3973 973 4024 P
992 3974 1020 4039 rh
1039 3991 1059 4028 ε.
1080 3992 1106 4026 u.
1128 3980 1183 4040 nal)
1242 3977 1331 4028 ralu-

185 4056 276 4108 xuriao
297 4055 362 4110 libri
416 4059 450 4111 24
471 4063 512 4111 θεῖ
531 4060 711 4128 sapientiaB
766 4063 800 4114 26
820 4063 849 4115 in
869 4064 1064 4117 arelramb'in
1085 4065 1215 4119 arcamB
1288 4067 1330 4118 in-

185 4144 333 4198 animantia
351 4146 378 4198 P
398 4146 437 4213 (iu
456 4148 537 4212 cros.)
594 4150 626 4201 '27
648 4149 762 4202 otiosum
783 4151 811 4202 P
829 4155 854 4216 (o
872 4168 914 4218 pr.
934 4169 955 4205 ε.
975 4169 1001 4205 u.
1022 4156 1077 4221 rrrt’)
