3008 4666
127 318 191 381 154
268 354 272 361 .
599 313 798 367 Ambrosii

125 509 266 573 incultus
304 509 370 571 est:
407 507 505 571 semel
541 508 672 588 placuit.
714 507 870 588 numquid
911 507 962 569 uir
1001 507 1180 588 frequenter
1221 509 1272 571 est

126 614 315 698 eligendus?
345 633 523 695 comparem
552 633 647 677 suum
676 617 707 677 et
734 614 792 677 bos
821 611 954 694 requirit
982 616 1014 676 et
1041 632 1141 694 equus
1166 613 1273 696 diligit

127 724 168 798 et,
201 721 229 785 si
260 724 403 785 mutetur
434 720 526 797 alius,
559 723 665 784 tamen
697 720 821 783 trahere
857 719 969 801 iugum
1006 719 1109 783 nescit
1145 738 1273 803 compar

127 827 256 891 alterius
290 830 322 892 et
349 847 383 891 se
410 847 472 891 non
500 828 604 891 totum
632 829 743 908 putat:
772 828 808 889 tu
835 826 975 908 iugalem
1003 827 1150 909 repudias
1178 830 1274 892 tuum

127 937 159 999 et
196 938 290 1016 putas
327 953 420 1017 saepe
452 933 638 997 mutandum
672 935 713 1008 et,
747 933 775 997 si
807 951 869 996 uno
903 932 1040 996 defuerit
1071 932 1131 1010 die,
1165 952 1272 1016 super·
1303 960 1316 999 a

127 1041 217 1105 ducis
249 1042 383 1104 riualem
416 1042 448 1103 et
481 1039 589 1103 statim
621 1039 783 1123 incognita
816 1058 912 1103 carisa
945 1040 1035 1121 quasi
1068 1039 1196 1123 cognita
1226 1041 1273 1104 in-

1 1140 240 1316 ¹pipiuriam
263 1146 394 1228 pudoris
420 1146 608 1229 exsequeris.
633 1146 741 1228 uipera
764 1146 876 1209 absent
862 1149 927 1209 tem
947 1146 1089 1227 requiri.
1110 1149 1274 1212 absentem
1337 1156 1409 1211 87A

127 1256 223 1318 uocat
251 1256 283 1316 et
310 1252 424 1316 blando
454 1252 629 1333 proclamat
615 1251 749 1314 tsibilo
778 1253 883 1332 atque,
913 1251 968 1315 ubi
996 1252 1113 1316 aduent
1099 1255 1166 1316 tare
1190 1272 1275 1318 com-

127 1379 235 1442 parem
259 1359 402 1429 senserit
426 1376 584 1421 uenenum
609 1357 730 1421 eucmit
751 1357 960 1420 reuerentiam
985 1359 1096 1423 marito
1064 1358 1274 1439 tdeferens‚

128 1465 341 1531 uerecundata
368 1465 543 1548 nuptialem
572 1456 724 1548 gratiam:
754 1466 801 1539 tu,
830 1465 954 1542 mulier,
984 1465 1203 1530 aduenientem
1237 1467 1275 1530 ds
1294 1491 1320 1530 ao

46 1532 91 1629 di
128 1573 300 1657 longinquo
325 1571 488 1635 'maritum
525 1551 725 1636 coutu‘meliis
762 1573 900 1653 repellis.
938 1571 1047 1654 uipera
1083 1591 1169 1636 mare
1206 1592 1276 1655 pro·

130 1682 262 1762 spectat,
288 1678 428 1760 explorat
451 1678 511 1742 iter
534 1678 698 1763 coniugis:
723 1682 759 1742 tu
783 1678 906 1741 iniuriis
929 1679 1016 1742 niam
1035 1679 1103 1742 uiro
1125 1680 1275 1757 obstruis,

129 1791 166 1851 tu
192 1785 301 1849 litium
328 1804 439 1849 moues
468 1804 600 1862 uenena,
629 1803 690 1848 non
718 1785 823 1861 reicis,
853 1788 888 1848 tu
912 1785 1089 1868 coniugalis
1113 1786 1276 1868 amplexus

130 1896 271 1975 tempore
307 1891 410 1955 dirum
448 1892 535 1955 aeirus
574 1897 738 1956 exaestuas
775 1911 833 1955 nec
866 1892 1027 1956 erubescis
1060 1893 1188 1973 nuptias
1219 1911 1276 1956 nec

129 1999 282 2063 reuereris
306 1997 465 2062 maritum.
1296 2019 1322 2059 ιε

88 2115 129 2177 19
177 2105 239 2170 Sed
276 2104 371 2167 etiam
408 2106 455 2181 tu,
487 2103 537 2167 uir
569 2142 611 2150 -
643 2123 817 2185 possumus
851 2105 945 2169 etiam
981 2105 1027 2168 sic
1060 2105 1200 2188 accipere
1232 2143 1276 2151 -
1338 2116 1363 2171 B

132 2212 252 2294 depone
276 2213 434 2274 turnorem
459 2210 573 2287 cordis,
599 2211 801 2293 asperitatem
826 2231 960 2288 morum,
987 2231 1058 2276 cum
1082 2212 1142 2275 tibi
1166 2211 1278 2275 sedula

131 2337 210 2381 uxor
233 2316 380 2392 occurrit,
405 2317 545 2398 propelle
568 2316 829 2400 indignationem,
855 2336 928 2381 cum
951 2317 1067 2381 blanda
1086 2317 1219 2381 coniunx
1238 2317 1279 2380 ad
1366 2334 1374 2341 ·

133 2424 297 2488 caritatem
339 2426 501 2504 prouocat.
543 2442 604 2487 non
647 2443 680 2488 cs
724 2424 881 2502 dominus,
924 2425 981 2488 sed
1027 2425 1170 2501 maritus,
1216 2444 1279 2489 non

133 2529 279 2594 ancillam
317 2529 449 2593 sortitus
489 2548 531 2603 es,
572 2530 627 2594 sed
663 2550 802 2595 uxorem.
837 2531 1079 2614 gubernatorem
1112 2535 1142 2595 te
1174 2531 1280 2595 uoluit
1298 2553 1325 2592 ao

133 2636 211 2700 deus
244 2655 313 2700 esse
346 2654 439 2699 sexus
471 2636 638 2714 inferioris,
671 2658 732 2702 non
766 2641 1012 2721 praepotentem.
1045 2638 1140 2702 redde
1173 2637 1279 2702 studio

56 2780 59 2785 ·
133 2743 247 2819 uicem,
280 2742 374 2806 redde
407 2743 504 2807 amori
537 2747 682 2827 gratiam.
715 2744 825 2825 uipera
857 2730 1014 2807 aduenam
1043 2764 1137 2809 suum
1160 2743 1279 2808 fundit:

133 2851 169 2912 tu
193 2867 254 2912 non
279 2849 369 2928 potes
395 2846 543 2912 duritiam
567 2849 683 2912 mentis
709 2848 890 2929 deponere?
913 2850 968 2913 sed
987 2850 1084 2913 habes
1104 2851 1279 2913 naturalem
1345 2864 1367 2920 c

132 2955 287 3038 rigorem:
322 2954 417 3018 debes
450 2959 625 3036 temperare
659 2975 730 3019 eum
769 2956 1034 3038 contemplatione
1072 2955 1212 3038 coniugii
1249 2958 1282 3020 et

133 3060 310 3124 reuerentia
343 3061 574 3125 coniunctionis
609 3062 746 3143 deponas
780 3062 877 3125 animi
908 3044 1077 3128 diritatem.
1109 3065 1217 3146 potest
1249 3065 1282 3126 et
1300 3082 1327 3123 as
1401 3076 1408 3145 ⁴.

135 3166 199 3229 sic:
238 3166 336 3230 nolite
375 3185 531 3248 quaerere,
569 3166 640 3244 uiri,
679 3167 818 3230 alienum
855 3171 970 3244 torum,
1008 3167 1106 3232 nolite
1138 3167 1282 3231 insidiari

227 3417 259 3469 16
278 3416 341 3468 Bae.
364 3416 414 3469 160
434 3414 479 3469 CD
502 3416 546 3480 (68
566 3415 597 3481 C)

171 3593 188 3644 4
207 3593 297 3643 tutum
317 3595 364 3643 -ηι2
382 3592 430 3645 Ps'
509 3593 524 3644 5
545 3590 700 3659 superducis
720 3591 832 3644 riualem
852 3589 904 3640 IlB
924 3593 1051 3659 suspecta
1069 3591 1180 3643 riualem
1202 3608 1230 3643 es
1248 3591 1286 3644 M

136 3681 175 3747 (es
194 3697 227 3733 ecc
247 3683 299 3746 est)
320 3680 342 3733 S
360 3681 505 3749 suspicaris
526 3680 615 3745 dicaris
635 3685 682 3733 mt’
700 3680 731 3733 irc
743 3696 800 3732 raa.
819 3679 913 3749 elate.)
927 3680 1040 3732 riualem
1054 3680 1087 3744 (ri
1101 3695 1121 3731 a.
1136 3696 1164 3733 a.
1177 3683 1233 3747 m2)
1249 3679 1282 3735 ad

137 3767 283 3837 disceptari
303 3769 427 3821 uolumus
446 3767 513 3823 Μ’
578 3770 594 3821 6
613 3768 723 3836 pudoris
744 3769 896 3835 exsequeris
914 3768 1039 3820 iniuriam
1057 3767 1090 3819 N
1150 3769 1182 3821 13
1200 3784 1283 3821 uene·

136 3874 199 3908 num
219 3859 251 3913 u
254 3857 296 3908 M
354 3857 489 3910 lssetiam
507 3855 532 3907 Π
552 3858 655 3909 enime
642 3859 724 3909 etiam
742 3855 775 3909 N
828 3856 859 3908 18
880 3858 992 3909 coniunx
1010 3857 1099 3909 Baua:
1123 3856 1234 3909 necue
1210 3861 1234 3909 et
1254 3860 1283 3920 (n

136 3961 157 3997 s.
176 3950 215 4009 u.)
235 3946 303 3998 Diu.
325 3945 420 3997 coniux
439 3950 485 3997 cet.
530 3947 564 3998 20
583 3945 671 3997 uoluit
691 3944 756 3997 deus
774 3944 853 3998 CGP
871 3944 936 3997 deus
955 3945 1044 3998 uoluit
1032 3948 1109 3997 ttce.
1154 3946 1188 3997 22
1208 3961 1282 3998 amo-

136 4033 218 4087 risG
283 4035 318 4086 ll
337 4036 364 4086 et
383 4050 434 4087 om
452 4033 485 4085 N
543 4036 576 4087 25
597 4033 715 4103 deponas
734 4050 832 4101 seruiat
852 4033 969 4101 deponat
957 4032 1040 4086 tllB
1060 4033 1177 4101 deponet
1165 4033 1221 4084 (
1221 4049 1281 4089 aroc

137 4120 269 4189 deponere
292 4120 465 4174 Cenornomts
482 4122 696 4188 lloreru'uorunu
720 4121 837 4192 deponas
861 4123 943 4175 enimi
961 4122 1099 4175 feritatem
1118 4136 1169 4173 oni.
1188 4118 1285 4174 Nus

172 4213 264 4278 potest
283 4213 311 4262 et
330 4210 367 4263 sic
387 4226 438 4263 orn.
458 4208 481 4260 ss
