3008 4666
452 270 494 324 De
513 272 571 326 Noe
591 273 615 337 9,
635 273 741 328 27-29
778 275 803 345 (Ι
821 275 872 330 237
892 276 1007 331 1)-238
1026 278 1070 348 D).
1270 284 1332 347 431

114 482 117 487 ’
187 465 379 533 insatiabilis
408 467 557 549 epulandi
584 468 694 534 libido.
724 469 862 552 primum
890 490 963 555 ergo
990 472 1167 557 indigentia
1194 479 1280 539 esset
1303 480 1335 540 et

187 577 298 653 fames,
331 574 444 639 deinde
477 594 513 639 ex
545 575 595 638 bis
629 581 814 657 sequeretur
846 577 958 642 edendi
995 579 1063 644 sine
1099 580 1333 647 intermissione

187 681 394 748 continuatio.
414 681 490 762 quid
509 684 616 746 autem
636 682 808 749 deformius
829 703 923 766 quam
940 687 1180 767 semperuentri
1194 688 1332 767 studere,

187 789 242 872 qui
277 808 350 853 oum
381 788 522 870 repletur
553 789 737 854 uacuandus
771 792 829 867 est,
859 810 930 854 cum
959 796 1115 856 uacuatur
1141 793 1332 875 replendus?

154 898 317 962 cientium
345 896 422 979 quid
451 898 580 979 superat
606 896 669 960 nisi
696 916 781 961 mors
808 897 891 962 inter
917 899 1005 981 ipsos
1038 900 1125 964 cibos
1158 902 1331 983 epulasque
1354 912 1376 965 Β

184 1003 361 1087 permixta?
396 1004 553 1085 quomodo
587 1002 671 1067 enim
703 1008 850 1086 poterant
882 1005 1003 1069 diutius
1031 1007 1133 1071 uitam
1160 1005 1332 1089 producere

184 1110 284 1175 simul
300 1110 429 1174 edentes
450 1112 482 1174 et
500 1110 686 1186 esurientes,
706 1111 851 1175 bibentes
871 1112 1079 1194 sitientesque
1099 1116 1130 1178 et
1147 1114 1330 1196 priusquam

184 1217 383 1299 replerentur
419 1216 632 1280 exinanientes
670 1237 761 1282 omne
800 1218 886 1299 quod
922 1223 1124 1301 sumpserant
1160 1220 1331 1304 statimque

185 1323 381 1388 esurientes?
410 1342 494 1388 nuuc
519 1327 626 1388 autem
645 1324 720 1388 dum
744 1325 899 1407 paulatim
924 1326 1088 1391 descendit
1110 1346 1192 1404 esea,
1215 1327 1332 1392 famem

140 1449 166 1488 ro
185 1432 218 1494 et
245 1430 436 1494 cruditatem
463 1431 616 1495 naturalis
649 1433 807 1514 temperat
837 1432 1046 1513 prouidentia.
1079 1433 1217 1515 primurn
1249 1434 1331 1497 enim

183 1537 217 1600 in
249 1536 424 1614 stomacho,
463 1556 557 1618 quam
592 1536 736 1618 plerique
768 1540 912 1602 uentrem
940 1538 1099 1621 appellant
1127 1540 1330 1621 superiorem,

185 1641 353 1707 conficitur
385 1642 487 1721 cibus,
521 1642 633 1706 deinde
662 1643 809 1724 coquitur
835 1644 866 1706 in
895 1643 998 1708 iecore
1026 1647 1121 1726 atque
1150 1664 1185 1710 oo
1214 1665 1331 1727 uapore
1355 1656 1375 1712 O

185 1749 350 1832 digeritur.
375 1768 472 1814 sucus
497 1749 566 1813 eius
591 1748 745 1813 diuiditur
768 1749 863 1813 certis
887 1750 1047 1814 uiscerum
1066 1751 1275 1833 portionibus
1295 1771 1331 1816 ex

185 1875 247 1938 quo
277 1875 369 1920 omne
398 1875 512 1938 eorpus
541 1856 687 1919 ualesoit.
722 1854 807 1937 quod
834 1856 912 1921 satis
941 1856 1099 1921 iuniorum
1127 1857 1329 1935 incrementa,

139 1983 165 2023 15
185 1982 298 2028 senum
333 1962 524 2027 testificatur
555 1964 799 2045 perseuerantia.
837 1963 994 2044 reliquum
1029 1963 1091 2028 cibi
1122 1964 1153 2027 in
1187 1968 1329 2029 uentrem

183 2069 304 2147 defluit,
343 2089 437 2151 quem
475 2088 583 2134 omnes
621 2073 765 2133 uentrem
803 2069 999 2152 appellamus
1037 2070 1104 2134 sine
1144 2071 1330 2151 adiectione,

182 2177 326 2258 plerique
348 2178 494 2240 uentrem
519 2177 628 2241 dicunt
649 2176 839 2251 inferiorem,
865 2195 900 2240 ex
924 2196 986 2258 quo
1008 2177 1102 2242 fimus
1121 2196 1251 2242 necesse
1271 2183 1329 2257 est,

183 2282 239 2364 qui
266 2284 379 2365 plenus
407 2283 469 2347 iam
500 2283 711 2365 corruptionis
740 2283 953 2364 descenderat,
987 2288 1132 2369 egeratur
1163 2305 1219 2367 per
1250 2286 1330 2349 illud

184 2409 220 2453 err
242 2391 423 2454 transuerso
450 2389 580 2454 ostium.

94 2489 136 2552 29
150 2518 177 2559 ro
226 2496 314 2561 Haeo
338 2515 411 2560 cum
434 2496 480 2560 ita
502 2496 588 2559 fabre
612 2496 748 2560 naturali
771 2495 974 2560 institutione
1001 2497 1041 2560 ad
1064 2497 1114 2561 dei
1136 2499 1372 2580 praeceptio-1)

179 2621 255 2666 nem
292 2602 469 2685 composita
500 2602 657 2679 uidentur,
690 2605 796 2666 tamen
829 2603 892 2667 nisi
922 2624 940 2667 a
969 2603 1060 2667 nobis
1094 2603 1205 2668 edendi
1237 2624 1328 2688 agen-

180 2708 278 2790 dique
306 2729 455 2773 mensura
483 2712 637 2787 seruetur,
665 2712 828 2791 tamquam
857 2710 1098 2775 exuberantibus
1126 2712 1329 2794 passionibus

84 2828 87 2842 '
182 2799 350 2895 generatur
378 2816 537 2881 diluuium
561 2822 593 2882 et
616 2818 770 2899 quaedam
798 2818 899 2880 totius
927 2818 1015 2881 labes
1040 2818 1194 2899 corporis3
1218 2818 1330 2882 intem-

182 2923 326 3003 perantia
355 2923 439 2987 enim
464 2925 608 2989 accendit
629 2924 804 3001 libidinem,
830 2924 1019 2988 cruditatem
1044 2929 1181 3008 generat,
1206 2943 1331 3007 corrup-

136 3050 163 3092 ro
180 3029 279 3092 telam
305 3032 399 3095 creat.
423 3031 532 3112 itaque
555 3034 611 3095 aut
630 3031 745 3094 duritie
763 3030 885 3094 interna
903 3030 1076 3095 tenduntur
1095 3034 1127 3095 et
1145 3032 1332 3113 quatiuntur

181 3134 345 3200 doloribus
361 3139 417 3200 aut
430 3137 555 3202 incocto
577 3138 718 3203 ciborum
738 3158 846 3202 umore
867 3142 899 3204 et
916 3138 1140 3222 indigestionis
1161 3139 1331 3221 asperitate

179 3241 312 3306 interior
349 3243 478 3324 quidam
514 3244 739 3309 intestinorum
777 3246 913 3310 amictus
950 3244 1081 3322 raditur,
1124 3245 1200 3325 quia
1241 3247 1333 3311 uelut

218 3557 230 3608 1
251 3555 402 3627 indigentip
426 3557 450 3608 T
451 3559 456 3582 '
474 3556 624 3625 indigentie
644 3557 671 3608 B
775 3561 846 3610 esset
866 3560 893 3610 et
915 3558 940 3611 Τ
957 3563 998 3610 est
1018 3563 1045 3611 et
1063 3559 1140 3611 Prnl
1157 3558 1190 3610 N
1207 3562 1279 3612 esset·
1297 3559 1324 3611 P

179 3644 369 3698 rn3T¹eeB
424 3645 724 3715 bribosPtoeacu)
779 3645 1010 3714 6procedereN
1062 3648 1126 3699 let
1144 3647 1274 3700 bibentes
1299 3649 1324 3700 Τ

217 3734 245 3784 et
263 3748 314 3785 om.
334 3732 361 3784 B
435 3734 468 3786 10
487 3735 620 3801 temperet
639 3733 785 3802 prudentia
804 3734 831 3785 B
904 3736 933 3787 ll
957 3735 1120 3803 superiorem
1141 3737 1282 3805 appellant
1300 3738 1327 3789 B

181 3820 214 3871 12
234 3821 381 3888 quoquitur
403 3820 428 3871 T
514 3822 646 3889 digeritur
665 3839 764 3890 uapore
784 3823 817 3875 N
888 3825 920 3876 13
947 3840 1080 3892 sucusque
1100 3825 1127 3877 B
1200 3827 1234 3879 20
1253 3826 1330 3880 fabre

184 3907 274 3960 TT‘B
292 3908 381 3970 frabro
400 3910 434 3972 P,
453 3926 504 3963 ona.
524 3911 555 3963 N
636 3911 668 3963 21
691 3911 834 3964 uideantur
857 3912 888 3965 T‘
909 3917 935 3976 (a
954 3928 975 3964 s.
994 3916 1033 3978 u.)
1053 3912 1085 3965 N
1158 3914 1212 3967 uisi
1231 3933 1281 3968 osu.
1302 3916 1333 3968 N

219 3996 324 4052 echdi
343 3999 370 4050 P
389 3998 425 4063 (N
445 4016 477 4052 eu
495 4015 564 4052 corr.
583 3999 640 4068 rut)
714 3999 812 4052 edendi
831 4017 846 4052 a
865 4001 943 4053 nobis
958 4002 990 4054 N
1038 4003 1072 4054 22
1091 4019 1217 4057 mensura
1236 4022 1286 4058 orn.
1301 4003 1331 4056 N

179 4085 214 4139 25
239 4084 338 4138 duritie
362 4087 462 4154 scrdprsi
486 4087 602 4140 duritiae
627 4087 682 4139 PT
706 4087 806 4140 duritia
825 4095 872 4142 cet.
965 4091 998 4143 26
1019 4107 1109 4142 umora
1134 4092 1286 4146 Tlrumore
1304 4094 1332 4146 P

183 4173 259 4239 thum
277 4192 298 4229 s.
318 4192 345 4227 u.
364 4180 421 4242 rofi)
443 4182 488 4230 cet.
545 4178 578 4229 27
600 4192 652 4243 qua
670 4177 697 4228 P
