3008 4666
150 279 192 340 14
616 269 816 324 Ambrosii

149 471 181 532 et
198 469 230 532 iu
251 468 361 552 exiguo
382 469 542 532 momento
563 485 687 530 summa
707 463 896 548 operationis
915 464 1046 545 inpleta.
1067 469 1141 530 sunt
1160 486 1234 545 ergo
1259 478 1291 530 et

149 575 204 656 qui
235 573 426 658 principium
458 592 518 636 non
543 591 599 654 pro
624 574 766 653 tempore
795 569 962 651 accipiant,
986 570 1042 634 sed
1066 574 1138 636 ante
1161 575 1293 660 tempus*

149 686 180 745 et
193 680 357 766 aepularer
371 680 424 743 uel
439 682 544 762 caput,
560 681 597 740 ut
612 676 755 741 dicamus
769 676 877 756 latine,
893 676 982 758 quasi
998 696 1155 741 summam
1174 679 1293 768 operia,
1353 680 1375 734 Ε

149 787 223 870 quia
245 805 350 850 rerum
373 785 551 850 uisibilium
581 802 706 848 summa
734 784 857 848 caelum
881 786 913 847 et
935 787 1017 848 terra
1041 786 1100 861 est,
1125 804 1204 867 quae
1228 805 1289 849 non
1380 814 1382 818 v

149 892 253 957 solum
276 891 315 955 ad
339 890 448 954 mundi
472 890 568 954 huius
594 891 735 971 spectare
758 888 908 954 uidentur
931 893 1088 968 ornatum,
1112 891 1168 955 sed
1196 891 1291 955 etiam
1323 916 1335 953 5

149 999 187 1063 ad
226 997 379 1062 iudicium
415 1016 520 1060 rerum
556 995 766 1060 inuisibilium
805 998 837 1059 et
873 996 1032 1078 quoddam
1069 1001 1290 1080 argumentum

149 1124 256 1170 eorum
289 1122 368 1185 quae
400 1122 462 1167 non
494 1102 655 1179 uidentur,
678 1104 788 1189 utest
810 1101 892 1166 illud
914 1103 1151 1185 propheticum:
1186 1105 1290 1169 caeli

149 1212 336 1274 enarrant
360 1209 529 1292 gloriam
553 1208 617 1272 dei
636 1210 675 1273 et
694 1227 814 1290 opera
832 1227 1017 1272 manuum
1037 1209 1125 1274 eius
1146 1211 1290 1274 adnun-

148 1316 227 1380 tiat
249 1315 559 1380 firmamentum.
583 1314 667 1396 quod
691 1317 821 1378 secutus
846 1315 1010 1396 apostolus
1034 1315 1104 1381 aliis
1128 1318 1234 1381 uerbis
1257 1319 1289 1381 in

149 1422 280 1486 eandem
300 1422 458 1486 conclusit
472 1421 662 1485 sententiam
681 1420 805 1484 diceus:
826 1421 919 1502 quia
937 1422 1178 1488 inuisibilia
1202 1425 1290 1488 eius
1310 1452 1335 1492 10

148 1547 217 1609 per
258 1546 301 1591 ea
342 1546 440 1608 quae
482 1527 593 1591 facta
635 1528 728 1590 sunt
769 1526 1085 1611 intelleguntur.
1129 1533 1289 1594 auctorem

150 1635 232 1698 enim
265 1634 448 1717 angelorum
481 1636 513 1697 et
536 1632 784 1697 dominationum
811 1635 842 1696 et
865 1635 1063 1715 potestatum
1085 1635 1177 1700 facile
1200 1636 1296 1711 inteli
1353 1641 1375 1692 F

147 1740 284 1823 legimus
318 1756 392 1805 eum
423 1739 477 1822 qui
500 1742 660 1804 momento
684 1738 808 1820 imperii
832 1739 883 1803 sui
905 1740 985 1804 hanc
1009 1743 1130 1805 tantam
1153 1743 1291 1823 pulchri-

148 1846 290 1910 tudinem
323 1845 433 1910 mundi
467 1865 502 1909 ex
533 1845 633 1909 nihilo
666 1845 744 1909 fecit
776 1864 856 1922 esse,
882 1865 961 1927 quae
989 1866 1052 1911 uon
1075 1851 1151 1926 erat,
1175 1851 1207 1912 et
1229 1870 1290 1914 uon

138 1953 328 2022 extantibus
362 1956 417 2019 aut
448 1952 542 2016 rebus
566 1954 621 2016 aut
646 1951 750 2014 causis
776 1950 907 2015 donauit
929 1951 1043 2016 habere
1067 1954 1335 2023 substantiarum

51 2060 199 2142 5‚17est
236 2059 320 2123 enim
356 2058 409 2123 hic
446 2058 584 2122 mundus
621 2056 747 2120 diuinae
785 2058 943 2139 specimen
982 2060 1184 2142 operationis,
1217 2063 1291 2144 quia

150 2166 225 2230 dum
258 2185 338 2248 opus
371 2165 508 2243 uidetur,
532 2165 707 2247 praefertur
739 2167 893 2246 operator.
925 2184 1059 2247 namque
1089 2170 1126 2231 ut
1155 2167 1289 2232 istarum
1336 2162 1395 2217 9A

150 2272 265 2335 artium
299 2271 378 2335 aliae
411 2274 486 2335 sunt
518 2273 676 2346 actuosae,
702 2289 781 2354 quae
806 2272 934 2335 suntin
959 2273 1098 2354 corporis
1121 2277 1212 2338 motu
1236 2279 1292 2338 aut

151 2398 226 2443 sono
259 2378 350 2443 uocis
375 2374 578 2441 -cessauit
610 2381 717 2442 motus
742 2381 798 2441 aut
820 2397 928 2455 sonus,
952 2378 1033 2442 nihil
1056 2380 1212 2463 superfuit
1234 2400 1291 2444 nec

149 2484 302 2550 remansit
333 2484 552 2566 spectantibus
584 2484 637 2548 uel
670 2483 873 2548 audientibus
898 2522 951 2561 -‚
976 2485 1057 2549 aliae
1088 2486 1290 2565 theoreticae,
1309 2516 1335 2554 20

151 2611 230 2672 quae
253 2590 396 2674 uigorem
419 2590 535 2654 mentis
560 2593 731 2667 exerceant,
757 2591 837 2677 aliae
860 2590 1054 2670 huiusmodi,
1079 2594 1116 2656 ut
1147 2596 1290 2656 cessante

150 2715 275 2779 quoque
309 2695 497 2778 operationis
531 2695 635 2762 officio
669 2698 771 2779 operis
804 2716 920 2761 munus
944 2696 1101 2778 adpareat,
1126 2701 1162 2761 ut
1185 2698 1291 2760 aedifi-

150 2803 233 2868 catio
257 2806 352 2885 atque
376 2804 509 2880 textura,
534 2823 614 2886 quae
638 2804 734 2868 etiam
757 2806 881 2867 tacente
906 2802 1024 2867 artifice
1051 2803 1198 2886 peritiam
1222 2805 1290 2868 eius

150 2908 326 2986 ostendant,
355 2911 392 2972 ut
425 2910 581 2991 operatori
614 2909 717 2991 operis
751 2909 801 2973 sui
833 2909 1053 2973 testimonium
1071 2910 1289 2993 suffragetur:
1369 2941 1372 2946 ·

150 3015 297 3077 similiter
328 3014 422 3078 etiam
454 3014 506 3080 hic
538 3016 677 3080 mundus
711 3015 836 3078 diuinae
869 3015 1046 3079 maiestatis
1078 3015 1200 3099 insigne
1231 3021 1289 3095 est,
1308 3024 1375 3089 25ss

149 3124 187 3184 ut
218 3140 273 3204 per
303 3120 411 3203 ipsum
444 3121 495 3185 dei
527 3122 683 3204 sapientia
714 3120 945 3185 manifestetur.
970 3140 1064 3202 quem
1086 3122 1198 3186 uidens
1223 3144 1291 3206 pro·

149 3229 245 3310 pheta
277 3227 373 3292 simul
407 3232 439 3294 et
470 3228 510 3291 ad
541 3228 718 3292 inuisibilia
750 3228 859 3292 oculos
893 3227 1009 3292 mentis
1043 3228 1198 3311 adtollens
1232 3231 1290 3295 ait:

238 3453 335 3507 4Bas.
357 3453 476 3524 160(6
496 3455 529 3521 Ε)
585 3453 719 3506 lPsalm.
738 3452 863 3508 XVIIII
930 3455 963 3508 10
982 3455 1057 3508 Rom.
1080 3455 1102 3519 1,
1122 3456 1157 3510 20
1175 3455 1238 3508 Bas
1260 3457 1292 3510 16

151 3541 458 3614 cleophae)
553 3542 806 3606 12Coloss.1,16
894 3543 927 3597 18
945 3544 1008 3597 Bas.
1031 3545 1062 3597 17
1082 3542 1129 3597 AB
1149 3545 1174 3614 (7
1194 3545 1290 3610 B—D)

184 3720 409 3775 eucnemon
430 3721 539 3778 occas
554 3719 742 3774 ueoaacou
766 3686 1009 3774 rueumrou
1027 3721 1063 3774 m
1080 3724 1141 3785 (ont.
1162 3722 1200 3785 et)
1222 3719 1292 3773 cef-

148 3811 211 3863 leon
225 3815 271 3864 cet.
310 3808 755 3863 inonOGVMSnondumN‘B
793 3808 826 3862 14
844 3826 897 3862 non
917 3807 1052 3874 deG,(de
1071 3825 1092 3861 s.
1111 3826 1138 3862 a.
1158 3809 1292 3873 urQ)N¹B

150 3899 183 3952 16
203 3900 274 3952 enim
295 3898 377 3952 OGV
393 3915 456 3966 ergo
475 3898 508 3950 N
551 3899 584 3951 18
603 3900 707 3950 motum
729 3897 806 3964 U(m
827 3899 874 3950 ott.
896 3897 958 3965 aec.)
978 3897 1087 3951 modum
1111 3897 1137 3951 V
1181 3898 1213 3950 19
1228 3898 1293 3950 treola

151 4006 169 4040 u
187 3987 278 4040 uerbis
297 3989 343 4040 aut
362 4003 443 4039 sonus
461 3986 561 4054 incepit
578 3987 605 4040 P
703 3988 737 4040 20
756 3987 931 4056 peccantibus
953 3985 976 4038 0
994 3988 1073 4051 (corr.
1091 3990 1148 4052 m3)
1169 3986 1196 4038 P
1213 3987 1243 4056 (s.
1263 4003 1290 4038 a.

150 4074 346 4143 spectantibus)
366 4076 570 4142 expectantibus
594 4075 687 4134 Vuur
759 4076 908 4130 rethoricae
923 4073 947 4126 ll
998 4076 1031 4128 m
1051 4075 1197 4144 uigorem.
1218 4090 1291 4126 erer-

151 4167 262 4216 ceantur
282 4162 308 4215 G
362 4163 395 4217 26
416 4180 483 4231 quae
502 4162 527 4217 ΙΙ
