3008 4666
382 270 424 324 De
442 270 502 325 Noe
522 270 564 324 26.
584 271 626 334 27,
645 270 770 325 98-102
807 271 832 339 (Ι
851 270 903 325 268
923 269 1034 325 (3-269
1052 272 1098 338 D).
1248 275 1313 338 483

168 469 206 527 ut
227 464 365 546 primum
394 465 597 529 excludamus
626 465 887 548 philosophorum
916 465 1111 547 quorundam
1141 463 1313 545 opiniones,
1341 468 1363 521 F

169 571 223 652 qui
245 573 362 653 negant
384 571 479 635 deum
498 590 605 636 euram
625 573 739 637 habere
759 591 854 654 super
872 572 1026 649 homines,
1046 570 1157 634 deinde
1177 571 1313 635 seientes

167 678 422 761 praerogatiuam
450 683 576 742 nostrae
604 679 736 743 ultionis
765 678 849 762 apud
878 678 971 742 deum
1000 696 1124 742 manere
1153 696 1253 758 neque
1280 677 1312 739 in

167 783 247 848 alios
272 785 507 850 committamus
533 787 617 868 quod
642 787 749 852 diuino
768 787 887 852 iudicio
907 784 1132 850 uindicandum
1151 785 1312 866 sitneque
1413 854 1416 859 ,

134 889 230 972 eipsi
253 894 388 954 mortem
411 893 632 957 uehementius
656 894 929 976 pertimescamus,
955 912 1028 957 eum
1051 892 1189 956 sciamus
1209 891 1313 955 necati

165 997 303 1062 hominis
324 997 501 1063 innocentis
526 1000 609 1082 apud
633 1000 727 1064 deunr
752 1001 875 1064 nullum
900 1018 970 1064 esse
994 1000 1222 1081 contemptum.

76 1097 116 1161 01
211 1103 294 1168 Non
327 1104 406 1169 erit
437 1105 543 1187 inquit
575 1106 789 1182 diluuium,
823 1109 868 1169 ut
898 1108 1131 1186 corrumpat
1161 1114 1412 1170 omuem269A

165 1213 324 1277 terram.
350 1213 482 1276 dubium
506 1213 634 1278 uidetur
656 1215 764 1277 utrum
789 1213 872 1278 enim
896 1232 969 1277 non
999 1213 1078 1276 erit
1107 1211 1311 1275 diluuium
1338 1221 1362 1275 Β

138 1317 489 1401 intellegendumsit
516 1319 611 1400 ‘quod
640 1319 798 1384 diluuium
827 1322 1007 1401 corrumpat
1033 1321 1160 1382 terram‘
1185 1319 1310 1381 —hoe

120 1443 147 1482 ιο
166 1424 248 1487 enim
273 1424 396 1489 diluuia
418 1425 520 1490 facere
544 1428 738 1490 consuerunt
755 1464 799 1473 —
819 1445 855 1489 an
876 1445 951 1490 uero
971 1428 1040 1490 ‘non
1062 1425 1121 1489 erit
1143 1425 1207 1488 tale
1232 1424 1311 1488 dilu-

163 1530 265 1609 uium,
290 1551 351 1613 quo
374 1535 458 1595 terra
476 1532 578 1596 omnis
598 1535 836 1615 corrumpatur.
861 1532 944 1614 quod
962 1532 1138 1613 posteriora
1157 1531 1311 1612 aperiunt,

165 1656 237 1701 eum
266 1637 344 1703 dicit
372 1657 496 1702 omnem
524 1643 639 1703 terram
667 1659 728 1703 non
762 1638 1037 1721 corrumpendam3
1064 1637 1204 1702 ostendit
1227 1637 1311 1700 enim

164 1743 287 1808 diluuia
310 1744 438 1826 quidem
463 1764 532 1808 esse
556 1744 674 1823 futura,
699 1745 834 1809 sednon
854 1746 931 1809 talia
950 1745 1066 1827 quibus
1087 1744 1188 1807 omnis
1208 1743 1311 1825 possit

76 1843 95 1905 2
163 1852 247 1914 terra
270 1851 437 1931 eorrumpi.
462 1870 575 1915 sensus
600 1855 707 1915 autem
730 1852 791 1915 hoc
814 1853 909 1916 altior
930 1852 1035 1929 habet,
1056 1849 1222 1931 quodiam
1241 1869 1309 1930 pro-

119 1977 146 2016 15
163 1957 305 2021 uidentia
322 1958 430 2021 futura
449 1959 492 2022 sit
511 1958 638 2035 domini,
658 1977 697 2022 ne
716 1962 841 2021 tantum
861 1958 904 2022 sit
922 1957 1079 2020 diluuium
1100 1955 1309 2037 corporalium
1338 1956 1359 2012 O

161 2063 357 2145 passionum,
386 2068 423 2127 ut
451 2064 555 2127 anima
583 2065 684 2129 omnis
712 2065 856 2129 intereat.
890 2067 922 2128 et
955 2063 1082 2145 quidem
1114 2082 1175 2125 non
1209 2062 1308 2126 audeo

163 2169 266 2233 dicere
304 2171 377 2252 quia
415 2170 543 2234 uidetur
579 2170 725 2234 dominus
764 2174 902 2235 statuere
936 2170 1020 2251 quod
1052 2169 1172 2234 nullius
1206 2169 1309 2232 anima

161 2276 266 2357 possit
287 2277 414 2359 penitus
438 2277 573 2342 interire.
607 2277 682 2358 quid
707 2278 790 2342 enim
814 2278 851 2341 de
873 2276 1029 2360 parricida
1053 2275 1209 2340 dicimus?
1233 2274 1309 2356 quid

162 2382 257 2446 etiam
282 2383 320 2446 de
343 2383 512 2460 homicida,
537 2384 612 2466 quid
637 2384 675 2447 de
699 2384 851 2464 adultero,
876 2384 952 2466 qnid
976 2384 1013 2446 de
1037 2380 1308 2463 praeuaricatore?

116 2513 143 2553 ao
163 2507 241 2569 quas
270 2489 299 2552 ei
326 2492 432 2571 partes
462 2491 583 2554 animae
612 2490 651 2554 ad
678 2491 805 2554 ueniam
836 2493 1057 2555 reseruemus?
1090 2488 1172 2552 unde
1204 2488 1308 2570 magis

160 2593 241 2658 illud
270 2596 402 2661 arbitror·
426 2596 511 2678 quod
534 2599 687 2678 prouocet
707 2596 856 2662 dominus
881 2595 959 2660 deus
983 2597 1099 2670 noster,
1124 2597 1160 2658 ut
1183 2594 1309 2658 etiamsi

162 2702 233 2782 quis
265 2701 402 2767 leuiores
437 2703 514 2766 alias
547 2702 664 2766 habeat
695 2703 870 2786 passiones,
904 2722 965 2767 non
1002 2702 1130 2784 penitus
1169 2701 1307 2763 diuinam
1336 2704 1361 2756 D

161 2806 306 2890 desperet
328 2809 464 2892 gratiam
488 2828 544 2873 nee
565 2809 754 2875 omnimodis
773 2810 935 2874 uicturum
955 2828 989 2873 se
1009 2827 1078 2872 esse
1098 2806 1232 2883 diffidat,
1253 2807 1309 2871 sed

161 2915 285 2980 etiamsi
323 2919 372 2979 est
402 2916 584 2980 luxuriosus
617 2936 674 2981 nee
707 2919 814 3000 potest
847 2915 988 2980 studium
1022 2915 1123 2978 uitare
1155 2913 1307 2989 luxuriae,

114 3047 140 3087 aa
162 3021 199 3084 ab
224 3021 378 3085 adulterio
402 3024 509 3086 tamen
534 3021 662 3087 studeat
684 3025 870 3106 temperare,
895 3022 938 3086 sit
961 3021 1107 3104 epulandi
1128 3020 1307 3097 delectatio,

158 3149 219 3193 non
248 3129 414 3211 stuprandi
442 3130 493 3195 sit.
529 3132 578 3195 set
605 3131 731 3195 etiamsi
759 3131 865 3196 neseio
895 3131 949 3212 qui
978 3149 1103 3208 auarus,
1129 3129 1183 3212 qui
1207 3130 1308 3193 aliena

160 3236 300 3319 diripuit,
330 3236 424 3301 eiecit
450 3237 602 3320 pupillos,
633 3237 811 3302 eliminauit
838 3237 962 3315 uiduas,
990 3237 1044 3300 uel
1067 3240 1179 3318 postea
1202 3239 1308 3300 tamen

157 3344 190 3407 in
225 3343 451 3427 paenitentiam
488 3364 652 3428 regressus
688 3346 839 3410 restituat
871 3344 955 3427 quod
990 3343 1134 3408 abstulit.
1173 3343 1308 3424 denique

248 3520 262 3574 7
284 3517 350 3573 Gen.
371 3520 395 3584 9,
416 3519 448 3572 ll
469 3519 549 3572 Philo
570 3518 682 3585 Quaest.
702 3519 784 3575 1163

191 3642 333 3695 3manere
353 3643 381 3695 P
398 3647 425 3708 (a
444 3659 476 3695 cac
495 3659 508 3696 e
528 3646 584 3710 m2)
641 3645 843 3698 deontemtum
862 3644 889 3696 P
942 3642 1051 3696 Senim
1070 3643 1121 3699 dcl.
1143 3641 1176 3693 T‘
1237 3639 1307 3693 dilu-

156 3730 231 3783 uium
249 3749 303 3784 nou
322 3732 374 3785 erit
392 3731 455 3785 DN
541 3734 558 3786 9
576 3733 672 3786 malim
692 3732 823 3788 diluuium
844 3733 917 3802 quod
1009 3733 1041 3786 10
1061 3733 1260 3785 consueuerant
1278 3730 1307 3783 N

158 3819 189 3873 11
210 3821 282 3889 quod
301 3824 373 3874 terra
391 3821 422 3874 N
512 3822 584 3890 quod
607 3838 658 3876 om.
678 3821 712 3875 N
798 3824 830 3877 13
856 3839 913 3876 esse
933 3838 983 3878 em.
1007 3819 1131 3874 T‘BGM
1219 3820 1306 3888 possit

156 3909 242 3961 omnis
256 3908 294 3962 M
333 3909 365 3963 19
386 3909 452 3979 quid
471 3910 504 3963 de
523 3910 646 3965 adultero
668 3913 827 3980 traaapoaa't
846 3917 910 3965 aatc
930 3910 996 3980 quid
1015 3911 1097 3964 etiam
1111 3909 1145 3964 N
1186 3896 1305 3963 2111-

155 4001 248 4051 noster
265 3998 293 4051 P
309 4015 363 4051 non
384 3999 417 4051 T¹
438 4003 521 4067 (exp.)
539 3999 600 4064 BC,
620 4017 670 4054 om.
691 4007 738 4054 eet.
794 4001 829 4054 22
848 4018 902 4054 non
921 4017 972 4054 occ.
987 4000 1046 4053 DN
1119 3998 1239 4051 diuinam
1258 4014 1306 4066 pe-

156 4086 229 4138 nitus
244 4085 278 4138 N
327 4086 361 4139 25
381 4085 492 4140 dileetio
507 4088 534 4140 B
587 4089 621 4142 26
640 4088 684 4142 sit.
706 4091 747 4142 set
765 4089 864 4157 scripsi
881 4088 1004 4142 siteoeP
1022 4088 1059 4140 sit
1077 4092 1125 4140 cet.
1199 4087 1246 4156 qui
1259 4103 1305 4157 pr,

158 4174 239 4227 PRO
256 4174 316 4244 quis
339 4175 370 4227 T*
389 4181 437 4229 eet.
492 4177 525 4230 27
545 4177 663 4245 pupillos
682 4178 710 4230 P
730 4181 756 4246 (o
777 4194 809 4231 ex
827 4183 855 4243 u)
910 4177 944 4230 28
965 4177 1082 4247 deniqne
1101 4192 1152 4231 oro.
1171 4176 1198 4229 B

1220 4282 1270 4337 31*
