3008 4666
213 240 278 305 460
683 237 879 291 Ambrosii

211 434 313 515 prima
349 433 457 497 statim
496 433 601 515 speeie
636 433 770 496 uisionis
809 432 928 497 offensa
963 432 1085 516 regredi
1123 433 1287 498 festinauit
1319 434 1358 497 ad

214 544 350 604 mentem
367 541 566 622 animamque
581 540 669 605 iusti.
687 540 771 621 quod
787 541 853 603 illic
865 540 1075 605 diuersorium
1086 539 1147 604 sibi
1156 540 1356 605 tutissimum

213 647 255 711 sit
282 647 433 724 locatum,
463 665 499 710 eo
529 647 613 728 quod
641 646 716 710 alibi
744 650 907 728 tamquam
936 647 1083 711 columba
1106 647 1151 710 ita
1174 647 1357 711 huiusmodi

213 754 316 817 uirtus
340 753 508 817 stationem
533 752 728 816 tutissimam
754 753 894 815 inuenire
923 772 983 816 non
1011 753 1124 835 possit.
1157 753 1244 817 tarde
1273 754 1356 817 euim
1426 762 1446 817 C

211 861 292 924 inter
315 861 451 924 astutias
474 860 569 924 istius
594 860 702 923 mundi
727 864 759 922 et
782 860 991 923 saecularium
1010 861 1127 924 flnctus
1147 860 1358 941 cupiditatum
1389 881 1401 918 5

159 971 337 1048 dispectum
373 967 455 1030 solet
481 967 623 1032 inuenire
652 965 854 1048 simplicitas.
887 966 995 1046 itaque
1025 967 1109 1030 sicut
1136 967 1239 1029 uirtus
1267 966 1358 1030 uelut

211 1073 336 1138 uisendi
356 1074 457 1157 gratia
480 1092 648 1156 progressa
671 1074 832 1155 paulisper
855 1073 895 1136 ad
918 1077 1054 1136 mentem
1080 1073 1232 1154 optimam
1256 1072 1357 1137 redire

210 1180 341 1244 festinat
373 1199 430 1244 uec
463 1180 590 1264 longius
625 1180 760 1243 discedit
793 1200 810 1243 a
842 1180 938 1257 iuste,
971 1180 1016 1243 ita
1050 1181 1145 1244 etiam
1181 1180 1287 1244 iustus
1326 1183 1358 1243 et

212 1286 376 1350 studiosus
415 1287 557 1362 uirtutis,
595 1287 650 1350 ubi
688 1287 841 1351 uirtutem
879 1287 1128 1369 adpropinquare
1162 1287 1356 1369 cognouerit,

211 1392 366 1475 gremium
391 1411 467 1456 suae
491 1391 606 1456 mentis
632 1391 786 1474 expandit.
812 1391 888 1475 quid
912 1392 995 1455 eninr
1020 1392 1081 1456 sibi
1105 1393 1177 1455 uult
1200 1393 1284 1472 quod
1307 1393 1357 1455 uir
1377 1415 1401 1454 m

210 1499 375 1563 studiosus
413 1499 542 1563 uirtutis
580 1498 648 1562 Noe
686 1498 856 1562 extendens
889 1518 1018 1562 manum
1048 1499 1192 1581 suscepit
1224 1518 1293 1562 eam
1325 1502 1358 1562 et

209 1605 383 1670 introduxit
401 1605 439 1670 ad
460 1609 514 1669 se?
534 1605 618 1686 quod
639 1605 699 1669 etsi
719 1605 894 1669 secundum
912 1605 1052 1668 litteram
1072 1605 1201 1686 planum
1216 1604 1355 1680 uidetur,
1419 1615 1443 1668 D

208 1731 270 1775 non
298 1712 391 1776 facile
421 1714 528 1775 tamen
562 1711 707 1793 colligas,
741 1711 802 1774 nisi
836 1710 898 1774 uiri
931 1711 1082 1794 sapientis
1115 1711 1174 1774 tibi
1206 1713 1281 1775 nota
1313 1711 1357 1775 sit

210 1819 415 1893 consuetudo,
445 1818 499 1900 qui
526 1818 617 1881 uelut
645 1817 852 1899 speculatrice
875 1818 995 1882 uirtute
1019 1817 1121 1881 utitur
1144 1820 1176 1880 et
1199 1818 1227 1881 ei
1252 1817 1355 1900 explo-

208 1925 375 1989 randorum
400 1926 598 2008 negotiorum
624 1925 894 2006 gerendorumque
917 1925 1170 2006 praerogatiuam
1197 1924 1355 2006 quandam
1375 1945 1400 1985 15

209 2033 337 2096 uidetur
361 2032 570 2096 committere.
595 2050 632 2094 ea
651 2050 724 2114 ergo
744 2031 848 2094 uirtus
868 2031 1016 2113 expendit
1033 2032 1171 2107 naturas,
1190 2034 1227 2094 ut
1246 2030 1273 2094 si
1294 2049 1356 2111 qua

209 2158 315 2202 earum
340 2139 402 2202 sibi
426 2137 553 2202 uidetur
571 2137 787 2214 adcommoda,
807 2137 984 2219 profectum
1004 2136 1033 2199 ei
1051 2137 1155 2218 possit
1172 2136 1353 2220 adiungere.

209 2245 387 2310 communis
412 2245 495 2308 euim
518 2245 672 2326 quaedam
697 2247 747 2308 est
769 2244 893 2308 bonitas
918 2243 1091 2326 sapientiae
1112 2246 1144 2307 et
1160 2242 1302 2306 liberalis
1322 2245 1354 2306 et

208 2353 296 2436 larga
314 2351 473 2426 utilitatis,
493 2351 539 2415 ita
557 2355 593 2415 ut
617 2371 695 2433 quas
719 2351 890 2434 morigeras
915 2351 976 2414 sibi
1000 2351 1100 2414 cernit
1122 2350 1273 2414 adsociet.
1298 2350 1353 2413 ubi
1420 2349 1445 2406 Ε

209 2462 315 2522 autem
344 2459 505 2539 proposito
535 2477 592 2522 suo
621 2457 739 2521 uiderit
766 2458 945 2538 aliquorum
972 2457 1170 2521 recalcitrare
1198 2459 1352 2534 naturam,
1372 2477 1398 2516 ao

183 2567 299 2635 .uelut
327 2565 366 2628 ad
392 2564 568 2645 hospitium
598 2563 752 2628 familiare
788 2564 849 2627 sibi
876 2566 1000 2628 reuolat
1028 2568 1059 2626 ot
1086 2564 1229 2640 recurrit,
1259 2583 1353 2644 quarn

209 2672 335 2754 sapiens
359 2675 390 2735 et
414 2670 589 2735 industrius
613 2674 776 2752 tamquam
800 2689 895 2733 manu
921 2671 1057 2753 quadam
1078 2671 1198 2734 mentis
1225 2670 1355 2734 festinat

208 2778 359 2860 excipere,
390 2796 481 2840 omne
511 2796 563 2841 cor
592 2776 734 2859 apericus
763 2796 867 2853 suum,
893 2796 953 2858 quo
979 2797 1048 2841 eam
1072 2777 1166 2840 etiam
1192 2777 1355 2840 absentem

208 2884 348 2960 tenebat3
383 2902 553 2964 numquam
589 2883 672 2947 enim
704 2886 812 2964 potest
840 2883 965 2964 sapiens
994 2902 1083 2946 exors
1111 2883 1255 2965 propriae
1284 2901 1355 2946 esse

208 2990 351 3053 uirtutis.

154 3086 196 3149 66
254 3094 337 3174 Quid
360 3099 523 3178 praeterea
551 3095 612 3159 sibi
641 3096 721 3160 uelit
747 3097 831 3178 quod
859 3096 962 3159 tenuit
990 3099 1112 3177 septem
1142 3095 1253 3159 diebus
1281 3094 1353 3158 aliis

208 3202 388 3266 columbam
405 3205 436 3266 et
454 3202 569 3265 iterum
590 3201 712 3266 dimisit
731 3221 810 3279 earn,
830 3202 891 3266 nisi
910 3205 947 3266 ut
966 3202 1111 3266 aduectas
1132 3202 1217 3283 quod
1235 3202 1354 3264 bonnam

208 3308 360 3390 sapientis
394 3309 613 3391 optimumque
645 3308 846 3390 propositum
879 3327 1004 3389 semper
1040 3308 1103 3372 sibi
1140 3308 1234 3373 etiam
1274 3306 1353 3370 alios

299 3533 331 3586 1⁴0
350 3533 430 3586 Philo
451 3531 562 3598 Quaest.
582 3533 662 3586 1140
718 3535 751 3587 26
772 3532 837 3587 Gen.
858 3534 883 3595 8,
905 3535 938 3587 10
956 3533 1035 3585 Philo
1057 3531 1266 3598 Quaest.1141

242 3675 259 3727 4
278 3673 354 3728 tarde
374 3673 401 3726 P
420 3677 460 3738 (ar
477 3675 508 3726 a'a
527 3690 583 3726 raa.
602 3677 659 3740 nrt)
716 3676 732 3728 6
751 3675 850 3743 uatus]
869 3675 956 3727 iustus
979 3673 1001 3726 0
1018 3672 1125 3726 iustitia
1144 3672 1241 3726 DNM
1275 3672 1355 3726 duee

206 3763 765 3830 P(cnr2e:ol)T¹(citarca.)neB
839 3764 872 3815 14
892 3762 1020 3832 quiP(i
1039 3765 1181 3829 exemit)
1256 3763 1354 3814 ltex-

207 3877 316 3946 psendit
334 3879 361 3930 P
446 3895 499 3947 qua
517 3879 544 3930 P
562 3881 590 3939 (a
607 3894 628 3931 s.
649 3896 676 3934 a.
695 3883 751 3943 na2)
846 3879 877 3931 17
897 3875 1073 3942 adcommoda
1095 3877 1121 3929 Τ
1138 3877 1309 3941 qqunpittere
1328 3877 1357 3928 P

207 3971 324 4034 (puncta
348 3983 482 4028 erasme.
509 3983 563 4021 rus.
586 3969 603 4019 9
623 3967 689 4034 la'tt.;
713 3965 888 4020 adcommoda
911 3983 1019 4020 erasum
1044 3981 1100 4018 ease
1116 3966 1237 4030 uidetur)
1261 3965 1292 4017 T‘
1312 3967 1355 4030 (ta

206 4056 329 4121 quesibi
349 4058 389 4122 se)
409 4062 456 4111 cet.
494 4057 525 4108 21
546 4057 661 4123 requirit
682 4056 707 4108 Τ
725 4061 782 4122 (cur
800 4054 887 4124 aqui
906 4057 963 4122 an2)
1000 4054 1035 4108 23
1054 4053 1173 4124 accipere
1192 4054 1219 4106 B
1256 4055 1291 4107 24
1310 4071 1354 4108 ex-

206 4160 262 4195 sors
282 4144 309 4195 P
326 4145 348 4212 (s
363 4160 407 4211 pr.
427 4160 447 4197 s.
467 4150 506 4210 a.)
530 4144 647 4198 T⁴DNB
702 4147 735 4199 ‘27
756 4145 846 4198 emisit
864 4146 890 4196 B
