3008 4666
393 237 435 290 De
454 237 513 290 Noe
532 238 574 291 23.
595 237 637 301 24,
656 237 762 291 83-86
800 236 823 305 (l
842 237 893 290 262
914 234 1023 290 0-263
1042 237 1087 304 1)).
1241 238 1306 302 473

163 435 201 495 ut
227 433 259 496 in
292 432 436 514 partibus
470 431 653 495 occidentis.
688 432 749 495 alio
782 435 922 512 tempore
955 433 1106 495 terrarum
1140 430 1308 494 seminaria

164 542 272 621 partus
298 558 374 603 suos
399 539 506 615 edunt,
532 538 592 601 alio
618 541 725 601 autem
749 540 889 619 tempore
916 538 1039 602 fructus
1068 538 1214 602 arborum
1243 557 1307 601 car-

164 646 279 727 pimus.
318 644 440 709 diuidui
478 663 551 726 ergo
588 644 710 708 fructus
748 647 823 708 sunt
854 644 1024 708 necessarii
1056 648 1089 708 et
1120 644 1408 726 uoluptariizassssa

165 752 334 815 necessarii
353 771 388 815 er
408 751 583 814 seminibus
603 753 766 826 terrarum,
787 754 820 814 at
838 769 911 814 uero
932 770 967 814 ex
987 751 1132 814 arborum
1152 750 1308 815 fructibus

134 880 146 918 a
167 858 348 939 uoluptarii.
368 857 476 938 itaque
496 875 608 939 corpus
632 858 776 920 nostrum
798 861 961 939 tamquam
984 877 1068 934 nere,
1088 858 1147 921 hoe
1167 858 1217 920 est
1235 854 1309 941 ἔαρι,

167 965 236 1029 cibo
260 965 402 1048 pascitur
424 964 568 1027 naturali.
603 960 656 1044 ἔαρ
685 967 790 1028 autem
816 963 935 1030 Graeco
959 965 1095 1040 nemine,
1120 984 1176 1028 uer
1198 964 1309 1028 Latino

167 1071 292 1136 dicitur.
317 1071 387 1135 ideo
413 1071 568 1152 scriptura
592 1070 629 1133 de
648 1071 792 1151 partibus
813 1071 941 1137 orientis
961 1074 993 1135 et
1011 1071 1144 1134 maxime
1162 1070 1314 1158 Aegypti,

167 1197 222 1261 per
237 1197 330 1259 quam
346 1176 495 1240 transicit
506 1176 679 1253 Hebraeus,
695 1176 747 1240 uel
762 1196 798 1240 err
812 1177 954 1260 partibus
969 1177 1158 1241 Phoeniciae
1173 1178 1312 1258 sumpsit

168 1285 355 1366 exemplum.
381 1284 483 1346 anima
507 1285 612 1346 autem
635 1283 836 1365 uoluptariis‚
855 1284 914 1349 hoc
934 1294 984 1347 est
1008 1284 1179 1366 sapientiae
1203 1284 1312 1347 fructi·

126 1415 150 1453 10
168 1392 228 1455 bus
262 1391 368 1465 alitur,
403 1391 454 1454 cui
486 1390 611 1466 iterum,
640 1393 677 1453 ut
705 1392 826 1472 corpori
854 1394 962 1456 nostro
992 1392 1183 1455 eontrarium
1210 1391 1311 1473 frigus
1339 1395 1362 1447 B

170 1499 201 1561 et
225 1499 343 1574 aestus,
367 1497 412 1559 ita
434 1497 530 1562 timor
560 1499 591 1559 et
618 1497 778 1561 iracundia
805 1497 952 1561 uidentur
980 1498 1122 1562 aduersa.
1157 1499 1212 1561 sed
1241 1499 1314 1579 quia

169 1603 200 1666 in
226 1623 354 1686 corpore
379 1608 436 1681 est,
462 1624 590 1670 neeesse
615 1608 664 1669 est
688 1607 719 1668 et
741 1605 935 1669 iracundiam
959 1605 1074 1668 habeat
1097 1609 1129 1668 et
1157 1606 1313 1679 timorem,

170 1730 228 1774 neo
255 1714 364 1792 potest
397 1713 463 1775 sine
497 1713 555 1776 hac
588 1731 657 1776 esse
690 1730 856 1793 corporeae
889 1711 1078 1775 necessitate
1110 1714 1249 1776 naturae.
1283 1714 1316 1773 et

171 1817 242 1882 ideo
266 1837 355 1882 meus
381 1819 533 1900 sapientis
559 1819 773 1883 moderamina
796 1820 881 1883 iusta
910 1819 1082 1900 dispensat,
1111 1838 1149 1882 ne
1176 1818 1255 1882 iram
1285 1822 1315 1880 et

84 1929 102 1990 5
128 1925 319 1988 intimarem
355 1926 545 2007 permisceat
577 1930 609 1989 et
641 1927 696 1989 fiat
728 1926 871 1990 confusio
905 1926 1059 2007 quaedam
1092 1926 1194 1990 animo
1226 1925 1316 1988 illius

173 2034 267 2112 atque
300 2032 468 2097 diluuium.
503 2032 565 2097 die
595 2051 720 2114 quoque
749 2036 786 2096 et
815 2036 932 2097 nocte
961 2032 1044 2114 quod
1072 2032 1126 2109 ait,
1154 2051 1210 2113 per
1234 2030 1314 2094 diem

171 2138 332 2222 intellegis
351 2139 594 2203 inluminantem
613 2140 775 2216 uirtutem,
796 2159 850 2222 per
870 2143 993 2204 noctem
1012 2139 1213 2223 recognoscis
1232 2141 1317 2201 tene·
1345 2139 1365 2194 C

172 2247 300 2311 brosam
323 2245 546 2327 insipientiam.
579 2247 686 2328 itaque
715 2247 800 2310 etin
824 2245 936 2311 timore
959 2249 1121 2328 tamquam
1145 2245 1177 2308 in
1200 2245 1317 2328 frigore

173 2356 281 2433 potest
305 2371 374 2416 esse
401 2352 592 2416 inluminans
620 2353 735 2417 uirtus.
769 2354 917 2416 similiter
941 2357 973 2416 et
995 2352 1187 2416 iracundiam
1211 2354 1318 2432 potest

129 2478 157 2518 ao
174 2459 343 2539 reprimere
357 2459 574 2540 temperantia,
590 2461 628 2522 ut
640 2459 671 2521 in
686 2460 798 2524 timore
813 2459 910 2541 aliqui
924 2479 985 2523 non
1000 2461 1125 2540 penitus
1141 2459 1319 2522 resoluatur

176 2567 207 2628 et
233 2566 336 2647 magis
364 2565 478 2630 timore
507 2565 662 2648 dirigatur
690 2566 729 2629 ad
757 2584 851 2648 opera
878 2566 1019 2642 uirtutis,
1048 2566 1138 2630 uerbi
1166 2565 1267 2649 gratia
1291 2564 1317 2626 si

175 2675 359 2753 perseeutor
379 2671 517 2748 insistat,
546 2675 583 2734 ut
610 2675 682 2753 plns
712 2672 806 2736 deum
834 2673 948 2737 timeas
978 2675 1010 2737 et
1037 2676 1189 2754 perpetua
1215 2671 1318 2753 magis

176 2778 333 2861 supplicia
370 2799 463 2860 qnam
500 2778 678 2861 praesentia
713 2783 806 2860 putes
846 2798 915 2842 esse
952 2778 1092 2856 uitanda,
1131 2798 1209 2860 quae
1243 2778 1317 2841 dum

176 2885 278 2961 times,
304 2886 483 2950 accendaris
508 2886 547 2949 ad
571 2885 703 2967 gloriam
727 2885 874 2968 perfidiae
897 2886 996 2949 iratus
1017 2888 1049 2948 et
1068 2885 1190 2962 sceleri,
1208 2903 1318 2949 rursus

130 2992 338 3056 iniracundia
361 3011 533 3056 succensus
558 2992 666 3056 diuino
691 2993 932 3057 commotionem
956 2993 1069 3056 timore
1092 2991 1274 3057 modereris

88 3108 129 3171 86
221 3099 268 3161 Et
291 3099 503 3162 benedixit
527 3099 714 3163 dominus
738 3099 819 3164 Noe
845 3102 882 3162 et
905 3099 1023 3165 filios
1049 3100 1136 3164 eius
1162 3098 1318 3162 dicens:
1347 3107 1372 3159 D

266 3307 300 3360 26
320 3304 385 3359 Gen.
407 3307 431 3368 9,
453 3306 465 3358 1
487 3323 526 3374 sq.
546 3306 625 3358 Philo
646 3305 757 3371 Quaest.
776 3306 804 3359 11
823 3307 857 3360 56

213 3431 228 3483 2
247 3434 341 3498 partus
360 3435 407 3483 na3
426 3447 458 3484 ecc
475 3433 568 3499 portos
582 3430 609 3482 P
663 3430 763 3484 sedunt
775 3432 803 3483 P
820 3433 844 3498 (s
863 3435 944 3496 eras.)
964 3429 1082 3483 educunt
1099 3429 1163 3482 DN
1164 3429 1222 3483 OM
1255 3429 1320 3483 4ad

178 3522 202 3583 (t
218 3536 240 3573 a.
261 3519 288 3581 d)
308 3519 390 3573 Pm3
414 3521 487 3572 Trnl
541 3522 557 3574 5
576 3515 633 3589 ἔαρι
650 3521 748 3588 scripsi
766 3537 827 3573 aere
848 3520 913 3572 libra
966 3520 982 3573 6
1000 3517 1047 3588 ’ἔαρ
1061 3519 1161 3586 serapti
1174 3535 1219 3572 aer
1232 3519 1260 3571 P
1277 3522 1321 3583 (ec

178 3612 234 3676 ear)
250 3615 296 3663 cet.
347 3609 363 3662 8
378 3609 537 3678 phoeniciae
551 3611 578 3663 B
596 3610 728 3663 l'oeniciae
743 3608 799 3661 PT
815 3609 930 3679 feniciae
945 3609 975 3661 D
992 3608 1107 3661 feniciae
1127 3613 1173 3660 cet.
1224 3608 1258 3660 12
1272 3623 1319 3660 ne-

178 3714 250 3750 cesse
271 3701 312 3750 est
331 3715 380 3751 cna
400 3698 463 3751 DN
525 3699 556 3752 13
577 3715 703 3767 corporea
721 3714 778 3752 nec.
797 3701 895 3751 natura
918 3696 943 3749 Τ
1005 3698 1037 3750 19
1056 3697 1084 3749 in
1104 3695 1196 3766 (eras.)
1215 3695 1320 3750 iracun-

178 3786 248 3839 diam
269 3787 295 3838 P
350 3788 384 3840 20
403 3788 610 3856 temperantiam
629 3788 657 3840 P
675 3791 712 3853 (m
731 3788 780 3840 alt.
799 3791 882 3853 eras.)
906 3785 983 3855 T(m
1003 3786 1051 3842 alt.
1071 3787 1141 3853 exp.)
1221 3785 1319 3853 aliquis

182 3875 232 3928 ΤΒ
251 3881 275 3928 ct
294 3879 318 3940 (s
336 3892 357 3930 s.
376 3880 415 3942 a.)
439 3875 471 3928 T‘
543 3877 713 3929 resoluantur
731 3875 850 3929 DNOM
908 3876 940 3927 21
961 3875 1058 3928 timore
1078 3874 1210 3942 dirigatur
1233 3874 1257 3926 T
1273 3891 1322 3942 per

177 3965 301 4017 timorem
321 3964 472 4032 dirigantur
489 3964 527 4016 M
542 3965 667 4017 timorem
686 3963 787 4032 dirigat
805 3963 936 4032 (dirigant
953 3962 1013 4016 DN
1016 3962 1050 4030 O)
1072 3969 1118 4016 cet.
1205 3964 1238 4016 23
1258 3962 1325 4014 sub·.

177 4053 259 4122 plicia
281 4054 305 4105 T
370 4055 404 4107 24
424 4053 579 4107 accendaris
598 4053 625 4105 P
643 4058 667 4118 (c
685 4070 726 4121 pr.
747 4070 780 4106 ee
799 4053 826 4119 d)
900 4053 933 4106 25
954 4051 1039 4105 diuini
1057 4051 1262 4104 commotionem
1283 4053 1319 4117 (m

178 4143 228 4195 alt.
247 4145 329 4209 eras.)
347 4143 452 4196 timoris
474 4142 499 4194 Τ
