3008 4666
270 279 291 341 4
741 269 941 324 Ambrosii

271 472 346 535 deos
376 487 445 534 esse
474 467 647 546 crederent,
675 466 823 549 quamuis
853 465 891 530 de
919 465 989 548 ipso
1017 467 1134 531 mundo
1163 486 1224 532 non
1247 469 1415 534 mediocris

64 599 86 658 ,2
114 542 132 595 7
227 576 352 643 3inter
385 596 438 641 eos
471 574 615 658 quaestio
649 573 701 638 sit.
741 593 814 637 nam
836 573 1035 657 Pythagoras
1063 593 1163 637 unum
1186 576 1339 639 mundum
1364 577 1415 640 ad-

271 686 357 762 serit,
383 683 437 748 alii
459 680 705 747 innumerabiles
729 679 839 744 dicunt
862 698 932 744 esse
951 680 1097 758 mundos,
1116 684 1154 745 ut
1173 681 1284 746 scribit
1301 684 1415 748 Demo-

271 793 380 872 critus
401 790 453 854 cui
476 788 650 872 plurimum
673 787 711 851 de
734 786 876 871 physicis
896 786 1095 851 auctoritatis
1118 791 1264 852 uetustas
1289 791 1415 870 detulit,

270 900 440 982 ipsumque
465 895 619 960 mundum
647 913 771 977 semper
797 893 898 958 fuisse
926 895 959 957 et
981 893 1047 957 fore
1071 894 1259 959 Aristoteles
1282 902 1417 980 usurpat
1448 917 1460 957 s

271 1006 389 1069 dicere:
414 1005 523 1069 contra
546 1004 654 1065 autem
676 1001 768 1064 Plato
791 1019 852 1064 non
877 1018 1001 1082 semper
1023 999 1122 1064 fuisse
1148 1003 1180 1065 et
1203 1021 1327 1084 semper
1349 1004 1414 1069 fore

270 1110 447 1196 praesumit
480 1109 652 1187 adstruere,
684 1106 815 1191 plurimi
850 1125 926 1171 uero
963 1125 1024 1171 non
1049 1107 1161 1172 luisse
1199 1128 1322 1191 semper
1357 1131 1415 1176 nec
1460 1119 1504 1172 3.

227 1217 248 1279 4
273 1237 398 1301 semper
419 1217 486 1282 sore
511 1215 636 1298 scriptis
661 1214 728 1278 suis
751 1213 971 1278 testificantur.
1004 1213 1085 1278 inter
1116 1215 1173 1279 has
1201 1216 1414 1283 dissensiones

272 1344 381 1390 eorum
413 1324 632 1406 quaeporest
662 1321 731 1385 ueri
765 1339 835 1384 esse
868 1320 1058 1399 aestimatio,
1084 1341 1157 1386 cum
1185 1323 1239 1386 alii
1262 1324 1416 1388 mundum

270 1433 379 1514 ipsum
411 1431 506 1494 deum
538 1447 608 1494 esse
640 1427 757 1505 dicant,
790 1427 875 1509 quod
907 1427 935 1491 ei
968 1447 1058 1491 mens
1096 1428 1204 1493 diuina
1235 1433 1273 1494 ut
1304 1434 1417 1512 putant
1435 1451 1461 1490 10

271 1538 376 1603 inesse
406 1536 564 1616 uideatur,
588 1534 643 1599 alii
673 1536 778 1617 partes
811 1534 891 1612 eius,
916 1534 970 1598 alii
992 1537 1183 1616 utrumque?
1215 1536 1248 1600 in
1272 1556 1334 1620 quo
1359 1558 1416 1603 nec

273 1663 352 1726 quae
384 1643 486 1726 figura
517 1627 562 1706 sit
592 1641 723 1705 deorum
755 1659 812 1704 nec
835 1640 890 1722 qrri
913 1659 1064 1705 numerus
1089 1660 1145 1705 nec
1169 1643 1224 1723 qui
1246 1643 1336 1710 locus
1361 1647 1417 1708 aut

271 1750 341 1815 uita
361 1750 466 1833 possit
483 1751 539 1813 aut
558 1767 632 1812 cura
651 1746 871 1831 conprehendi,
891 1747 1050 1829 siquidem
1067 1747 1178 1812 mundi
1197 1749 1416 1815 aestimatione

272 1857 447 1921 uolubilem
470 1856 645 1920 rutundum
677 1854 837 1918 ardentem
862 1853 1053 1935 quibusdam
1080 1854 1247 1919 incitatum
1275 1857 1415 1921 motibus
1478 1859 1500 1911 B

274 1964 340 2028 sine
365 1982 460 2028 sensu
484 1962 578 2027 deum
603 1962 771 2028 conueniat
787 1961 943 2046 intellegi,
963 1961 1017 2044 qui
1038 1961 1149 2041 alieno,
1169 1982 1230 2027 non
1250 1983 1307 2028 sno
1327 1968 1416 2029 motu
1436 1981 1461 2022 15

272 2071 400 2134 feratur.

185 2183 217 2264 2,
231 2183 250 2246 5
318 2177 408 2242 Unde
424 2176 532 2240 diuino
552 2175 667 2256 spiritu
685 2174 873 2257 praeuideus
893 2179 1022 2238 sanctus
1036 2175 1164 2258 Moyses
1178 2176 1237 2239 hos
1252 2176 1416 2239 hominum
1481 2177 1500 2231 C

274 2302 393 2348 errores
416 2282 484 2347 fore
508 2286 540 2346 et
563 2282 627 2346 iam
649 2281 730 2345 forte
755 2280 897 2361 coepisse
919 2280 952 2344 in
977 2281 1101 2346 exordio
1126 2282 1279 2346 sermonis
1301 2283 1351 2345 sui
1370 2283 1415 2346 sic

275 2390 332 2453 ait:
356 2389 393 2451 in
423 2387 612 2470 principio
640 2386 736 2450 fecit
765 2387 856 2450 deus
886 2386 1032 2450 caelum
1057 2390 1093 2450 et
1116 2390 1264 2464 terram,
1288 2388 1416 2453 initium

272 2514 387 2572 rerum,
412 2497 573 2558 auctorem
605 2492 726 2571 mundi,
750 2493 939 2558 creationem
972 2493 1122 2557 materiae
1150 2495 1415 2576 conprehendens,
1435 2514 1462 2553 oo

272 2605 310 2666 ut
333 2601 426 2665 deum
451 2618 658 2684 cognosceres
683 2602 755 2663 ante
778 2599 906 2664 initium
929 2599 1041 2663 mundi
1060 2617 1130 2663 esse
1148 2602 1202 2664 uel
1219 2601 1325 2683 ipsum
1346 2621 1416 2667 esse

272 2707 401 2771 initium
424 2707 655 2782 uniuersorum,
681 2704 765 2769 sicut
788 2706 819 2768 in
844 2706 1008 2790 euangelio
1034 2706 1084 2769 dei
1107 2706 1192 2770 filius
1221 2707 1415 2773 dicentibus:

273 2817 314 2876 tu
338 2813 422 2895 quis
456 2816 514 2876 es?
538 2810 713 2894 respondit:
742 2811 895 2875 initium
930 2812 1026 2892 quod
1060 2816 1096 2876 et
1127 2813 1262 2895 loquor
1294 2814 1414 2892 uobis,

275 2922 307 2983 et
328 2919 436 3001 ipsum
459 2918 585 2983 dedisse
608 2917 756 3001 gignendi
779 2919 875 2982 rebus
898 2918 1025 2982 initium
1050 2922 1082 2982 et
1103 2919 1208 3002 ipsum
1234 2939 1304 2985 esse
1329 2940 1412 2986 crea·
1475 2934 1501 2985 ra

364 3197 380 3249 2
399 3195 476 3249 Diels
494 3196 561 3248 Dor.
582 3196 643 3258 565,
664 3196 679 3248 9
699 3193 754 3249 Cic.
774 3194 857 3248 Acad.
877 3194 967 3258 1155,
987 3194 1019 3248 cf.
1035 3197 1068 3250 13
1122 3195 1202 3250 acic
1225 3196 1258 3250 de
1271 3202 1327 3251 nat.
1343 3197 1415 3252 deor.

274 3286 288 3339 I
309 3285 368 3350 120,
388 3285 420 3338 de
440 3285 522 3338 diuin.
541 3284 591 3337 15
676 3286 692 3338 5
711 3284 791 3337 Philo
811 3284 844 3337 de
864 3287 964 3337 aetem.
984 3284 1078 3338 mundi
1097 3285 1113 3337 3
1134 3285 1171 3350 (Π
1189 3286 1251 3350 489,
1273 3287 1285 3339 1
1306 3287 1364 3354 Μ.,·
1383 3288 1415 3341 cf.

274 3374 397 3427 Philonis
417 3373 450 3426 de
470 3376 522 3426 aet.
541 3372 635 3426 mundi
654 3371 695 3425 ed.
715 3372 745 3424 F.
767 3370 882 3426 Oumont
900 3373 1027 3442 Prolegg.
1046 3390 1072 3442 p.
1091 3373 1150 3439 XV)
1171 3358 1247 3428 Diels
1266 3374 1334 3428 Dox.
1355 3377 1415 3439 570,

275 3463 310 3515 34
365 3462 472 3517 lesio.
493 3461 600 3514 (leuat.
622 3459 792 3514 deonsslt
865 3461 898 3515 19
919 3461 985 3515 Gen.
1007 3462 1065 3525 1,1
1121 3462 1232 3515 231015.
1252 3464 1277 3526 8,
1297 3466 1331 3518 ‘25

310 3649 326 3701 3
346 3646 455 3716 scripsit
473 3645 539 3699 N‘B
580 3648 596 3698 4
615 3645 727 3714 phisicis
747 3647 783 3699 M
798 3646 880 3699 fisicis
899 3647 927 3699 B
943 3646 1036 3715 fysicis
1056 3654 1101 3700 cet.
1158 3650 1280 3701 uetustas
1300 3650 1416 3701 auctori-

274 3735 398 3788 tatiani*
453 3734 536 3787 dsed
556 3733 759 3803 semperGra2
807 3735 1107 3790 unonOGVneoN
1152 3738 1244 3790 95551
1264 3754 1321 3791 esse
1339 3737 1420 3791 061*

277 3841 333 3876 esse
353 3823 410 3876 ueri
429 3823 460 3875 N
551 3824 584 3876 12
604 3841 695 3876 corum
717 3822 766 3877 OG
869 3840 917 3877 nec
937 3841 989 3893 que
1008 3841 1133 3878 numerus
1151 3843 1200 3879 nec
1220 3842 1271 3894 que
1293 3825 1358 3895 O(c
1377 3827 1418 3879 bis

275 3917 356 3977 eras.)
376 3918 402 3964 ct
421 3915 500 3975 (corr.
519 3915 571 3979 ml)
595 3912 620 3966 G
638 3929 726 3981 neque
744 3930 770 3964 n.
790 3928 878 3981 neque
897 3912 923 3965 V
958 3914 990 3967 13
1010 3914 1225 3967 aestimationem
1242 3914 1265 3965 G
1272 3914 1294 3964 V
1327 3915 1361 3967 14
1373 3932 1416 3967 ru-

274 3998 390 4051 tundum
412 3999 483 4051 (lan
501 3999 648 4052 rotundum
669 4000 746 4054 (lma
765 4006 811 4054 cet.
894 4001 926 4055 15
946 4001 1081 4054 5555550
1151 4003 1182 4054 21
1205 4003 1374 4070 cognuscires
1397 4004 1419 4054 (3

277 4095 355 4152 (corr.
374 4093 431 4154 552)
486 4090 521 4141 22
540 4088 692 4142 dicentibus
712 4089 765 4142 sibi
782 4089 841 4144 MS
893 4091 926 4144 23
947 4090 1029 4159 quod]
1051 4091 1097 4160 qui
1119 4090 1217 4155 0555
1236 4091 1369 4159 ecquod)
1390 4092 1417 4143 B

277 4175 349 4243 quod
369 4180 399 4241 (s.
419 4176 432 4228 l
451 4176 508 4247 qui)
526 4176 569 4230 Μ’
655 4177 689 4230 24
709 4178 839 4247 gignendi
860 4177 886 4232 G
904 4178 934 4248 (s.
955 4179 1032 4232 5521
1051 4178 1206 4248 gignendis)
1226 4179 1370 4248 gignendis
1388 4179 1420 4233 N
