3008 4666
205 326 268 387 156
674 319 874 373 Ambrosii

205 519 337 599 quantes
365 519 474 580 sancta
502 515 649 598 coniugia
675 516 797 579 lubrica
821 520 853 580 et
877 516 1020 579 nocitura
1044 515 1235 580 salutaribus
1259 534 1348 597 prae-

48 610 172 723 (nul)
203 624 353 699 feramus,
379 622 463 704 quod
485 623 564 686 facit
587 623 640 704 qui
666 641 738 687 oum
763 623 902 705 serpenti
925 623 1088 689 miscetur.

113 725 199 808 8,21
247 730 288 794 Et
323 729 397 810 quia
434 728 472 792 de
509 729 629 792 astutia
666 729 830 810 coepimus
868 748 1044 794 sermonem
1077 730 1252 803 subtexere,
1286 748 1349 812 qua
1412 746 1487 803 88A

203 836 423 919 unusquisque
451 836 580 899 fratrem
609 854 703 899 suum
733 835 963 899 circumuenire
997 841 1029 898 et
1061 835 1203 916 decipere
1236 835 1350 898 nititur

204 948 236 1007 ot
262 943 294 1005 in
324 961 422 1007 nonas
453 961 486 1005 se
514 942 640 1006 fraudes
666 961 862 1023 componere,
887 945 925 1007 ut
948 962 1040 1025 quern
1065 943 1098 1006 ui
1123 943 1264 1025 optinere
1287 960 1349 1005 non
1382 966 1395 1005 o

203 1051 310 1132 potest
334 1048 576 1112 circumscribat
599 1048 671 1111 dolo
696 1051 728 1113 et
750 1049 824 1113 fuco
849 1048 986 1129 quodam
1005 1050 1080 1112 artis
1101 1048 1248 1126 obducat,
1267 1047 1351 1112 frau-
1413 1061 1437 1114 Β

205 1156 370 1219 dulentum
402 1154 483 1219 illud
514 1154 623 1236 polypi
651 1155 814 1239 ingenium
843 1175 903 1220 non
933 1156 1119 1236 praeterib0,
1149 1156 1203 1236 qni
1231 1154 1350 1220 uadoso

203 1262 236 1325 in
272 1262 365 1327 litore
403 1264 523 1342 petram
556 1265 688 1325 nanctus
723 1262 874 1345 adfigitur
906 1262 935 1325 ei
968 1266 1061 1344 atque
1094 1261 1164 1325 eins
1197 1261 1351 1325 nebuloso

204 1370 331 1453 ingenio
361 1371 499 1433 colorem
528 1370 617 1433 subit
645 1375 676 1433 et
705 1371 803 1434 simili
833 1372 937 1452 specie
960 1374 1051 1455 terga
1074 1371 1230 1434 obductus
1254 1368 1352 1452 pluri-

206 1496 275 1541 mos
299 1476 435 1558 piscium
461 1476 528 1540 sine
552 1477 619 1540 ulla.
643 1478 823 1559 suspicione
847 1478 967 1541 fraudis
992 1477 1150 1560 adlapsos,
1176 1476 1251 1539 dum
1278 1478 1355 1539 nota
1373 1500 1399 1538 ro

205 1602 265 1647 non
300 1587 490 1664 praecauent
523 1586 554 1647 ct
587 1602 697 1647 saxum
731 1585 907 1665 opinantur,
937 1585 1081 1648 cassibus
1110 1583 1246 1647 furtinac
1275 1582 1352 1646 artis

206 1690 343 1754 includit
367 1694 399 1754 et
423 1692 494 1754 sinn
518 1690 656 1772 quodam
681 1710 756 1755 suae
782 1691 883 1755 carnis
906 1690 1078 1773 intercipit.
1104 1691 1151 1754 sic
1180 1692 1354 1772 spontanea

206 1797 295 1860 uenit
318 1796 433 1878 praeda
457 1798 488 1859 et
511 1796 629 1860 talibus
654 1796 779 1879 capitur
801 1797 1008 1880 argumentis,
1028 1797 1134 1879 qualia
1153 1799 1228 1860 sunt
1246 1814 1355 1860 eorum
1419 1807 1440 1864 0

207 1904 261 1984 qni
293 1903 455 1986 ingenium
491 1923 585 1966 sumn
618 1922 712 1986 saepe
745 1906 940 1967 commutant
973 1906 1004 1967 et
1041 1903 1183 1967 diuersas
1221 1900 1356 1966 nocendi

208 2014 291 2073 artes
321 2013 460 2085 mouent,
490 2013 527 2073 ut
556 2010 755 2093 singulorum
778 2013 901 2074 mentes
927 2030 1104 2092 sensusque
1129 2010 1355 2097 pertemptent³
1376 2032 1401 2071 ιι

209 2134 281 2179 curn
311 2116 545 2180 continentibus
573 2116 670 2198 positi
699 2116 925 2181 continentiam
953 2117 1182 2198 praedicantes,
1206 2115 1237 2177 in
1264 2118 1357 2179 coetu

209 2221 486 2304 intemperantium
511 2228 673 2305 tamquam
699 2224 784 2288 deuii
808 2224 845 2287 ab
867 2225 972 2288 studio
994 2223 1151 2287 castitatis
1172 2225 1204 2286 et
1223 2221 1358 2285 demersi

209 2328 468 2409 intemperantiae
505 2330 692 2407 uolutabriS,
730 2332 767 2394 nt
804 2330 857 2413 qni
896 2349 949 2393 eos
988 2330 1121 2392 audiunt
1160 2331 1215 2392 aut
1245 2327 1358 2391 uident

210 2435 339 2499 incauta
375 2436 528 2499 facilitate
566 2455 600 2499 se
638 2437 765 2500 credant
806 2456 905 2517 eoque
947 2436 1042 2500 citius
1082 2422 1239 2512 labantur,
1281 2433 1358 2498 dum

211 2540 366 2605 declinare
399 2561 458 2605 non
492 2545 607 2607 norunt
638 2562 696 2608 nec
725 2562 835 2607 caruere
865 2543 948 2625 quod
976 2545 1099 2619 noceat,
1129 2561 1202 2605 cum
1231 2540 1358 2625 grauior
1376 2570 1402 2609 ιο

211 2649 254 2712 sit
277 2651 309 2711 et
332 2650 434 2733 magis
454 2650 544 2713 noxia
563 2650 738 2731 inprobitas
757 2650 964 2733 benignitatis
985 2650 1173 2714 obumbrata
1188 2644 1356 2712 uelamine.
1420 2657 1446 2709 D
1486 2650 1494 2695 ἰ

210 2757 243 2818 et
266 2755 336 2820 ideo
362 2756 493 2819 cauendi
519 2759 593 2820 snut
617 2758 671 2838 qni
695 2757 796 2820 crines
822 2776 897 2820 suae
921 2756 1042 2820 fraudis
1067 2758 1099 2820 et
1116 2755 1245 2819 brachia
1262 2753 1357 2835 longe

210 2861 337 2944 lateque
376 2863 563 2946 dispergunt
598 2864 651 2927 uel
689 2863 828 2944 speciem
861 2863 998 2926 induunt
1028 2862 1268 2925 multiformem.
1301 2859 1358 2922 isti
1477 2860 1494 2937 ‘r

212 2969 294 3031 enirn
323 2969 433 3051 polypi
461 2972 535 3033 sunt
563 2989 660 3032 nexus
688 2970 843 3051 plurimos
872 2970 1022 3033 habentes
1048 2973 1080 3031 et
1103 2967 1289 3031 callidorum
1312 2965 1358 3028 in-

211 3075 374 3157 geniorum
394 3076 541 3159 uestigia,
563 3075 678 3156 quibus
697 3075 824 3138 inretire
843 3075 969 3157 possint
987 3073 1141 3156 quidquid
1159 3073 1192 3136 in
1207 3071 1357 3154 scopulos
1376 3102 1402 3141 25

20 3184 39 3239 b
145 3194 186 3256 22
212 3201 287 3247 suae
306 3181 424 3245 fraudis
444 3182 600 3246 inciderit.
617 3201 727 3246 cancer
742 3201 866 3263 quoque
883 3200 959 3263 quas
976 3181 1038 3244 cibi
1054 3180 1156 3263 gratia
1168 3169 1356 3261 praestigias
1467 3160 1492 3211 ²·

303 3391 317 3440 7
343 3389 405 3442 Bas.
434 3389 484 3442 153
512 3387 531 3440 C
564 3389 610 3452 (65
636 3389 704 3453 DE),
731 3389 764 3442 cf.
790 3388 873 3441 Arist.
898 3387 932 3440 H.
958 3388 989 3443 A.
1016 3386 1098 3439 VIIII
1123 3388 1156 3440 37
1186 3387 1249 3453 (622
1277 3403 1300 3448 a,
1328 3384 1355 3451 8)

212 3482 246 3533 26
266 3480 327 3532 Bas.
350 3480 399 3532 153
419 3478 465 3530 AB
488 3481 532 3543 (65
552 3475 608 3544 BC)

250 3603 447 3658 lsalutaribus
470 3601 492 3654 0
513 3602 536 3669 (t
558 3602 589 3653 iu
613 3608 679 3666 rus.)
771 3600 927 3668 2serpenti
945 3598 969 3649 11
995 3602 1047 3659 t-te
1066 3602 1113 3651 m2
1130 3597 1165 3663 G)
1186 3599 1335 3682 ειηιεῃιὲεΙΝ
1329 3596 1360 3649 Ν
1410 3558 1494 3677 Za

213 3696 228 3748 3
248 3710 368 3746 sermono
390 3692 413 3744 U
436 3708 571 3744 sermones
593 3691 646 3744 GP
753 3707 805 3759 qua
827 3661 1025 3757 uutffiuia
1043 3693 1095 3740 cet.
1189 3690 1204 3741 5
1229 3692 1280 3753 quc
1302 3685 1362 3739 GN

214 3799 281 3850 quac
303 3782 355 3834 CV
372 3782 417 3848 qui
437 3783 499 3843 (ono.
518 3781 556 3847 ui)
576 3780 603 3832 P
675 3779 796 3849 optinere
818 3777 933 3834 (7⁸)st
951 3778 1074 3829 obtinere
1094 3782 1140 3829 ccl.
1209 3776 1224 3828 8
1245 3777 1358 3827 nanctus

213 3872 242 3939 (n
260 3872 332 3938 exp.)
349 3869 468 3930 -UGVB,
489 3872 518 3934 (n
536 3872 618 3931 crota.)
638 3868 740 3920 PN‘M
784 3865 952 3920 bicolore-O
995 3867 1027 3919 10
1047 3865 1174 3932 adlapsus
1196 3863 1313 3920 duum*
1333 3869 1359 3916 et

214 3963 293 4023 (corr,
317 3962 374 4024 na2)
399 3958 458 4013 Pu
552 3960 581 4010 11
607 3957 723 4010 fortiuac
745 3957 768 4009 Ο
791 3966 818 4015 (v
841 3974 862 4009 s.
887 3974 901 4006 0
925 3960 981 4020 m3)
1007 3955 1124 4007 furtiuae
1144 3953 1167 4006 S
1189 3957 1217 4017 (u
1240 3953 1271 4004 iu
1289 3952 1359 4020 rus.)

215 4047 431 4114 reponentem
452 4044 502 4098 OG
558 4047 589 4097 11
610 4045 645 4097 ad
664 4042 687 4095 Π
709 4044 737 4109 ((1
756 4061 815 4111 emp.
838 4043 871 4109 G,
891 4059 960 4096 erus.
980 4044 1017 4108 P)
1038 4059 1053 4094 a
1071 4041 1129 4095 MS
1182 4040 1215 4093 18
1235 4043 1265 4093 ut
1281 4039 1358 4092 Cm3

212 4134 244 4187 N
262 4138 289 4188 et
310 4134 332 4183 (7
344 4139 386 4187 ml
403 4134 486 4188 GPV
539 4136 571 4188 19
590 4134 717 4186 labantur
738 4133 820 4186 Cnu3
837 4133 965 4185 labuntur
980 4132 1056 4185 01111
1074 4132 1098 4184 G
1114 4136 1141 4196 (u
1156 4148 1200 4198 pr.
1222 4147 1254 4183 cu
1268 4129 1294 4198 a)
1310 4135 1357 4182 cet.

214 4223 248 4275 23
266 4223 313 4276 isti
331 4224 429 4291 scripsi
446 4223 526 4276 istius
545 4221 569 4273 ll
590 4226 616 4274 et
636 4222 682 4274 isti
700 4221 734 4275 N
