3008 4666
171 262 238 325 458
640 260 838 313 Ambrosii

112 436 155 520 62
165 474 260 536 posse
289 455 472 519 consistere.
505 473 560 534 per
587 452 666 514 hanc
697 452 796 534 igitur
824 451 992 514 fenestram
1017 470 1147 516 coruum
1172 453 1306 534 primum
1355 465 1444 520 254A

165 563 271 625 iustus
301 562 416 626 emisit.
450 559 629 642 quaerenda
657 577 752 622 causa
779 577 837 622 nec
861 563 965 622 tamen
989 558 1068 622 latet
1092 564 1245 640 quantum
1270 561 1307 622 ad

164 669 303 731 litteram
336 669 482 750 pertinet,
517 667 591 749 quia
622 666 764 748 plerique
797 666 887 746 quasi
916 665 1102 728 annuntium
1131 666 1309 730 futurorum

165 794 296 838 coruum
311 775 480 839 aestimant
497 777 528 837 et
547 792 642 837 uoces
663 773 731 836 eius
749 773 919 836 obseruant
937 772 1127 854 relatusque
1147 773 1309 838 rimantur.

165 900 278 945 seusus
298 884 404 945 autem
425 883 518 944 altior
537 880 695 964 significat
710 879 793 961 quod
813 898 900 942 mens
915 879 1003 956 iusti,
1019 880 1143 959 quando
1159 880 1309 944 mundare
1343 907 1354 944 5

165 1007 198 1051 se
222 989 344 1069 incipit,
369 1007 448 1069 quae
472 988 639 1051 tenebrosa
658 989 690 1049 et
707 986 860 1049 inmunda
879 990 911 1048 et
929 985 1095 1048 temeraria
1115 990 1189 1049 sunt
1207 986 1308 1068 primo

164 1114 182 1156 a
202 1114 235 1158 se
255 1095 389 1176 repellit,
410 1093 568 1176 siquidem
589 1093 691 1158 omnis
710 1093 897 1174 inpudentia
916 1095 1010 1174 atque
1030 1093 1124 1173 culpa
1142 1093 1310 1156 tenebrosa

164 1210 214 1264 est
247 1205 278 1264 et
310 1201 444 1264 mortuis
476 1199 733 1296 pascitursicut
766 1218 891 1272 coruus,
924 1199 1036 1261 lumini
1071 1201 1176 1262 autem
1203 1199 1309 1262 uicina

165 1307 277 1383 uirtus,
318 1326 396 1389 quae
430 1306 546 1369 mentis
579 1306 717 1387 puritate
752 1308 783 1368 et
815 1305 1019 1386 simplicitate
1051 1305 1240 1387 resplendet.
1275 1310 1307 1368 et
1369 1320 1392 1372 B

162 1413 233 1477 ideo
270 1417 432 1495 tamquam
470 1413 627 1476 emittitur
660 1417 691 1475 et
723 1412 853 1495 fugatur
885 1412 978 1492 culpa
1011 1415 1043 1474 et
1075 1416 1239 1493 separatur
1270 1412 1307 1475 ab
1329 1441 1353 1476 10

162 1519 353 1601 innocentia,
378 1524 415 1584 ut
437 1519 516 1583 nihil
540 1521 699 1581 remaneat
720 1519 751 1581 in
776 1519 838 1581 uiri
861 1518 939 1581 iusti
963 1521 1068 1581 mente
1092 1520 1307 1584 tenebrosum.

163 1625 298 1707 denique
312 1645 458 1710 egressus
474 1645 589 1689 coruus
605 1645 664 1689 non
680 1625 850 1689 reuertitur
865 1625 903 1688 ad
922 1625 1054 1702 iustum,
1075 1626 1148 1707 quin
1167 1627 1307 1709 fugitans

163 1733 264 1795 omnis
289 1735 382 1815 culpa
411 1737 460 1798 est
489 1734 658 1814 aequitatis
686 1752 744 1796 nec
772 1732 922 1815 probitati
950 1732 1078 1795 uidetur
1106 1736 1138 1796 et
1165 1734 1307 1799 iustitiae

162 1840 338 1905 conuenire.
377 1840 510 1922 denique
544 1841 685 1904 errasisse
719 1859 752 1904 se
781 1840 880 1903 credit
907 1840 1047 1903 iniustus
1076 1843 1238 1922 tamquam
1269 1841 1306 1904 de

162 1945 310 2023 uinculis,
340 1965 412 2010 cum
435 1948 541 2010 iustus
566 1948 603 2010 ab
630 1949 698 2011 eius
723 1966 757 2010 se
781 1947 940 2011 consortio
965 1947 1168 2029 separauerit
1193 1947 1307 2011 diluuii
1328 1972 1352 2010 ιε»

162 2053 326 2117 cuiusdam
354 2058 385 2118 et
409 2056 606 2136 corruptelae
630 2053 806 2131 familiaris,
830 2056 868 2117 ut
896 2071 1021 2128 coruus,
1052 2053 1116 2134 qui,
1147 2072 1218 2117 cum
1247 2053 1306 2117 sic·

162 2160 288 2224 citatem
301 2163 402 2224 terrae
413 2181 570 2243 nusquam
580 2161 747 2236 inuenerit,
759 2180 819 2225 non
834 2179 981 2223 reuersus
997 2163 1056 2236 est,
1072 2160 1128 2224 sed
1142 2160 1304 2223 remansit.
1372 2173 1392 2228 C

106 2267 423 2334 fissconsiderandum
454 2269 549 2333 etiam
572 2288 678 2350 quare
710 2288 770 2332 non
803 2286 984 2350 regressum
1017 2267 1131 2330 dixerit
1162 2286 1304 2345 coruum,

161 2373 285 2438 donec
328 2375 509 2439 siccaret
546 2395 647 2457 aqua
675 2395 693 2438 a
720 2378 835 2450 terra,
861 2366 965 2456 'quasi
1001 2392 1077 2438 uero
1115 2378 1226 2455 postea
1262 2374 1306 2438 sit
1396 2448 1399 2455 ¹

158 2500 335 2563 regressus.
378 2482 432 2545 sed
476 2483 612 2546 elocutio
655 2482 819 2545 familiaris
861 2481 1035 2562 scripturae
1077 2483 1127 2545 est
1168 2480 1303 2557 diuinae,
1323 2503 1350 2543 ρο

160 2588 316 2668 siquidem
351 2593 382 2652 et
413 2589 443 2652 in
478 2589 643 2672 euangelio
677 2590 775 2653 habes
807 2589 960 2670 scriptum
995 2589 1032 2652 de
1065 2591 1174 2653 sancta
1203 2589 1305 2652 Maria

159 2696 243 2776 quod
266 2715 327 2760 non
352 2697 536 2778 cognouerit
559 2715 626 2759 eam
656 2696 781 2778 Ioseph,
816 2697 914 2760 donec
941 2694 1063 2778 peperit
1089 2695 1201 2773 filium,
1230 2714 1301 2758 cum

158 2802 268 2883 utique
292 2821 350 2865 nec
373 2805 484 2884 postea
508 2803 703 2884 cognouerit.
728 2803 840 2866 deinde
866 2821 945 2884 quae
965 2807 1014 2865 est
1032 2801 1151 2866 locutio
1171 2803 1243 2878 ista,
1265 2807 1302 2867 ut

158 2907 276 2971 diceret
299 2909 423 2972 donec
449 2909 627 2973 siccaret
651 2928 751 2990 aqua
774 2928 792 2972 a
815 2912 933 2986 terra,
958 2928 1018 2972 non
1037 2912 1121 2972 terra
1139 2910 1177 2973 ab
1197 2914 1299 2990 aqua?
1364 2925 1389 2978 D

156 3014 338 3096 etquidem
362 3034 441 3078 usus
464 3016 615 3097 loquendi
639 3017 734 3079 etiam
758 3018 818 3080 hoc
843 3016 956 3080 habere
985 3017 1160 3081 consueuit.
1193 3018 1347 3079 tamense

246 3206 258 3257 l
281 3204 347 3259 Gen.
366 3206 390 3267 8,
411 3206 426 3258 6
446 3205 524 3257 Plrilo
546 3205 657 3271 Quaest.
677 3207 755 3260 1135
803 3208 836 3259 12
856 3207 922 3260 Gen.
943 3207 997 3272 8,7
1046 3207 1078 3259 18
1093 3206 1172 3258 Philo
1188 3205 1299 3271 Quaest.

155 3291 236 3344 1136
293 3293 325 3346 19
346 3291 492 3355 Gen.8‚i
548 3295 580 3347 21
601 3295 700 3347 Matth.
722 3295 744 3358 1,
765 3297 798 3348 25
854 3296 888 3349 23
907 3295 986 3348 Philo
1007 3294 1117 3360 quaest.
1137 3294 1166 3348 ΙΙ
1184 3297 1218 3350 37

190 3416 205 3468 5
226 3431 301 3468 mens
321 3416 397 3485 iusti]
420 3417 506 3469 omnis
525 3417 613 3470 iustus
632 3418 694 3470 ΒΝ
786 3417 914 3477 mundare
934 3418 961 3470 P
979 3423 1015 3483 (m
1034 3434 1055 3473 s.
1074 3435 1101 3471 u.
1121 3419 1177 3489 or2)
1197 3419 1299 3473 undare

94 3577 97 3581 ‚
155 3508 216 3569 (om.
237 3505 324 3572 selT
378 3509 477 3560 6sunt
496 3523 546 3559 our.
565 3506 628 3566 CM,
644 3513 708 3574 post
727 3506 872 3560 tenebrosa
891 3512 1077 3574 transponunt
1090 3507 1151 3560 DN
1205 3509 1237 3561 12
1256 3527 1298 3562 rc·

154 3594 237 3647 uertit
259 3593 310 3647 Tc
382 3596 414 3647 13
434 3595 580 3662 aequitatis
600 3596 626 3647 P
644 3596 664 3659 (i
679 3612 723 3663 pr.
745 3599 791 3648 2112
809 3612 841 3648 eac
861 3595 907 3664 ali)
993 3595 1130 3664 probitate
1149 3596 1176 3648 P
1195 3597 1253 3662 (is.
1275 3614 1297 3661 e,

152 3683 201 3735 scri
218 3688 299 3749 eros.)
323 3683 389 3735 T‘N
465 3686 497 3736 14
516 3683 631 3750 denique
652 3686 770 3737 euasisse
790 3683 817 3735 P
833 3683 878 3753 (le
897 3701 929 3737 eac
948 3683 998 3746 uu,
1018 3684 1101 3753 nique
1120 3702 1133 3738 e
1152 3686 1183 3737 iu
1200 3701 1257 3738 rus.
1281 3689 1315 3738 5,

153 3771 215 3836 litt,
234 3789 353 3840 quarum
371 3773 471 3825 ultima
491 3790 502 3824 s
516 3773 608 3840 fuisse
625 3772 746 3838 uidetur)
800 3773 832 3826 15
852 3773 938 3825 iustus
953 3773 980 3824 P
999 3774 1042 3839 (us
1057 3773 1106 3826 alt.
1121 3776 1169 3826 m2
1181 3774 1213 3825 iu
1226 3779 1295 3839 ras.)

152 3885 212 3938 istis
233 3891 294 3952 (one.
315 3891 386 3951 cum)
410 3887 434 3939 T
470 3890 502 3941 17
522 3854 760 3958 terrqnqquuam
779 3888 806 3939 P
823 3891 894 3940 terre
912 3904 1044 3957 nusquam
1068 3888 1099 3941 T¹
1120 3892 1145 3952 (c
1166 3889 1213 3942 alt.
1234 3896 1296 3942 ctu

151 3972 182 4024 in
201 3980 267 4040 ras.)
345 3975 482 4028 inueniret
500 3976 566 4028 ΝΜ
665 3978 699 4029 20
719 3977 835 4029 elocutio
850 3977 878 4029 P
885 3980 927 4029 m1
944 3977 1010 4030 haec
1028 3977 1131 4029 locutio
1150 3977 1232 4030 Pma
1247 3985 1295 4032 cet.

189 4061 296 4116 diuinae
317 4068 357 4116 est
377 4064 524 4132 scripturae
543 4065 577 4117 N
681 4066 714 4119 23
734 4083 802 4134 quac
822 4071 864 4119 est
889 4069 942 4133 (cst
964 4081 985 4121 s,
1009 4082 1036 4121 u.
1055 4066 1112 4134 m2)
1132 4066 1250 4130 elocutio
1273 4067 1297 4119 T

150 4151 185 4202 24
205 4168 220 4204 a
238 4157 445 4220 terra...aqua
463 4155 541 4220 infin
560 4155 591 4207 icc
609 4172 659 4224 cup.
679 4155 765 4207 ruiP
