<?xml version="1.0" encoding="UTF-8"?>
<!DOCTYPE html PUBLIC "-//W3C//DTD XHTML 1.0 Transitional//EN"
    "http://www.w3.org/TR/xhtml1/DTD/xhtml1-transitional.dtd">
<html xmlns="http://www.w3.org/1999/xhtml" xml:lang="en" lang="en">
 <head>
  <title>
</title>
<meta http-equiv="Content-Type" content="text/html;charset=utf-8" />
  <meta name='ocr-system' content='tesseract 3.04.00' />
  <meta name='ocr-capabilities' content='ocr_page ocr_carea ocr_par ocr_line ocrx_word'/>
</head>
<body>
  <div class='ocr_page' id='page_1' title='image "./sanctiambrosiio00ambrgoog_0452.png"; bbox 0 0 3008 4666; ppageno 0'>
   <div class='ocr_carea' id='block_1_1' title="bbox 379 286 1290 356">
    <p class='ocr_par' dir='ltr' id='par_1_1' title="bbox 379 286 1290 356">
     <span class='ocr_line' id='line_1_1' title="bbox 379 286 1290 356; baseline 0.009 -17"><span class='ocrx_word' id='word_1_1' title='bbox 379 287 420 340; x_wconf 93' lang='lat' dir='ltr'><strong>De</strong></span> <span class='ocrx_word' id='word_1_2' title='bbox 440 287 499 339; x_wconf 79' lang='lat' dir='ltr'><strong>Noe</strong></span> <span class='ocrx_word' id='word_1_3' title='bbox 521 288 561 339; x_wconf 94' lang='grc'><strong>11.</strong></span> <span class='ocrx_word' id='word_1_4' title='bbox 583 288 624 353; x_wconf 88' lang='grc'><strong>12,</strong></span> <span class='ocrx_word' id='word_1_5' title='bbox 644 286 749 341; x_wconf 84' lang='grc'>37-39</span> <span class='ocrx_word' id='word_1_6' title='bbox 788 286 811 352; x_wconf 87' lang='grc' dir='ltr'><strong>(Ι</strong></span> <span class='ocrx_word' id='word_1_7' title='bbox 830 288 880 340; x_wconf 86' lang='grc'><strong>241</strong></span> <span class='ocrx_word' id='word_1_8' title='bbox 903 286 1012 342; x_wconf 77' lang='lat' dir='ltr'><strong>c-ala</strong></span> <span class='ocrx_word' id='word_1_9' title='bbox 1033 287 1073 354; x_wconf 80' lang='lat' dir='ltr'><strong>C).</strong></span> <span class='ocrx_word' id='word_1_10' title='bbox 1228 295 1290 356; x_wconf 79' lang='grc'><strong>437</strong></span> 
     </span>
    </p>
   </div>
   <div class='ocr_carea' id='block_1_2' title="bbox 73 476 1421 1525">
    <p class='ocr_par' dir='ltr' id='par_1_2' title="bbox 73 476 1340 884">
     <span class='ocr_line' id='line_1_2' title="bbox 73 476 1290 564; baseline 0.002 -18"><span class='ocrx_word' id='word_1_11' title='bbox 73 476 77 487; x_wconf 82' lang='grc'><strong>“</strong></span> <span class='ocrx_word' id='word_1_12' title='bbox 150 482 233 547; x_wconf 93' lang='lat' dir='ltr'><strong>enim</strong></span> <span class='ocrx_word' id='word_1_13' title='bbox 256 481 288 544; x_wconf 93' lang='lat' dir='ltr'><strong>in</strong></span> <span class='ocrx_word' id='word_1_14' title='bbox 313 480 416 544; x_wconf 91' lang='lat' dir='ltr'><strong>anima</strong></span> <span class='ocrx_word' id='word_1_15' title='bbox 439 499 539 557; x_wconf 79' lang='lat' dir='ltr'><strong>mens,</strong></span> <span class='ocrx_word' id='word_1_16' title='bbox 563 482 623 545; x_wconf 92' lang='lat' dir='ltr'><strong>hoc</strong></span> <span class='ocrx_word' id='word_1_17' title='bbox 647 482 750 544; x_wconf 89' lang='lat' dir='ltr'><strong>anima</strong></span> <span class='ocrx_word' id='word_1_18' title='bbox 773 482 962 564; x_wconf 89' lang='lat' dir='ltr'><strong>incorpore.</strong></span> <span class='ocrx_word' id='word_1_19' title='bbox 989 482 1016 545; x_wconf 89' lang='lat' dir='ltr'><strong>si</strong></span> <span class='ocrx_word' id='word_1_20' title='bbox 1035 502 1123 546; x_wconf 92' lang='lat' dir='ltr'><strong>mens</strong></span> <span class='ocrx_word' id='word_1_21' title='bbox 1142 486 1213 547; x_wconf 87' lang='lat' dir='ltr'><strong>tuta.</strong></span> <span class='ocrx_word' id='word_1_22' title='bbox 1232 488 1290 549; x_wconf 86' lang='lat' dir='ltr'><strong>est.</strong></span> 
     </span>
     <span class='ocr_line' id='line_1_3' title="bbox 148 588 1340 665; baseline 0 -12"><span class='ocrx_word' id='word_1_23' title='bbox 148 592 219 653; x_wconf 87' lang='lat' dir='ltr'><strong>tuta</strong></span> <span class='ocrx_word' id='word_1_24' title='bbox 242 591 292 653; x_wconf 86' lang='lat' dir='ltr'><strong>est</strong></span> <span class='ocrx_word' id='word_1_25' title='bbox 310 588 433 662; x_wconf 79' lang='lat' dir='ltr'><strong>domna,</strong></span> <span class='ocrx_word' id='word_1_26' title='bbox 454 591 525 652; x_wconf 89' lang='lat' dir='ltr'><strong>tuta</strong></span> <span class='ocrx_word' id='word_1_27' title='bbox 544 591 594 651; x_wconf 91' lang='lat' dir='ltr'><strong>est</strong></span> <span class='ocrx_word' id='word_1_28' title='bbox 613 588 729 652; x_wconf 89' lang='lat' dir='ltr'><strong>anima:</strong></span> <span class='ocrx_word' id='word_1_29' title='bbox 755 588 782 652; x_wconf 89' lang='lat' dir='ltr'><strong>si</strong></span> <span class='ocrx_word' id='word_1_30' title='bbox 801 589 905 652; x_wconf 90' lang='lat' dir='ltr'><strong>anima</strong></span> <span class='ocrx_word' id='word_1_31' title='bbox 923 589 1102 665; x_wconf 73' lang='lat' dir='ltr'><strong>incolumis,</strong></span> <span class='ocrx_word' id='word_1_32' title='bbox 1122 589 1290 655; x_wconf 87' lang='lat' dir='ltr'><strong>incolumis</strong></span> <span class='ocrx_word' id='word_1_33' title='bbox 1320 602 1340 653; x_wconf 78' lang='lat' dir='ltr'>F</span> 
     </span>
     <span class='ocr_line' id='line_1_4' title="bbox 149 694 1290 780; baseline 0.003 -21"><span class='ocrx_word' id='word_1_34' title='bbox 149 713 229 760; x_wconf 90' lang='lat' dir='ltr'><strong>caro.</strong></span> <span class='ocrx_word' id='word_1_35' title='bbox 246 714 334 759; x_wconf 88' lang='lat' dir='ltr'><strong>mens</strong></span> <span class='ocrx_word' id='word_1_36' title='bbox 350 694 431 758; x_wconf 93' lang='lat' dir='ltr'><strong>enim</strong></span> <span class='ocrx_word' id='word_1_37' title='bbox 449 694 553 757; x_wconf 85' lang='lat' dir='ltr'><strong>sobria</strong></span> <span class='ocrx_word' id='word_1_38' title='bbox 563 695 726 776; x_wconf 87' lang='lat' dir='ltr'><strong>passiones</strong></span> <span class='ocrx_word' id='word_1_39' title='bbox 738 714 845 759; x_wconf 87' lang='lat' dir='ltr'><strong>omnes</strong></span> <span class='ocrx_word' id='word_1_40' title='bbox 857 695 994 772; x_wconf 80' lang='lat' dir='ltr'>cohibet,</span> <span class='ocrx_word' id='word_1_41' title='bbox 1006 715 1117 760; x_wconf 89' lang='lat' dir='ltr'><strong>sensus</strong></span> <span class='ocrx_word' id='word_1_42' title='bbox 1129 697 1290 780; x_wconf 85' lang='lat' dir='ltr'><strong>gubernat.</strong></span> 
     </span>
     <span class='ocr_line' id='line_1_5' title="bbox 149 800 1292 884; baseline 0.001 -18"><span class='ocrx_word' id='word_1_43' title='bbox 149 820 326 866; x_wconf 91' lang='lat' dir='ltr'><strong>sermonem</strong></span> <span class='ocrx_word' id='word_1_44' title='bbox 344 801 436 884; x_wconf 84' lang='lat' dir='ltr'><strong>regit.</strong></span> <span class='ocrx_word' id='word_1_45' title='bbox 461 800 595 881; x_wconf 89' lang='lat' dir='ltr'><strong>ideoque</strong></span> <span class='ocrx_word' id='word_1_46' title='bbox 614 802 692 865; x_wconf 90' lang='lat' dir='ltr'><strong>bene</strong></span> <span class='ocrx_word' id='word_1_47' title='bbox 713 801 791 865; x_wconf 90' lang='lat' dir='ltr'><strong>dicit</strong></span> <span class='ocrx_word' id='word_1_48' title='bbox 815 802 959 866; x_wconf 90' lang='lat' dir='ltr'><strong>dominus</strong></span> <span class='ocrx_word' id='word_1_49' title='bbox 983 802 1083 866; x_wconf 86' lang='lat' dir='ltr'><strong>insto:</strong></span> <span class='ocrx_word' id='word_1_50' title='bbox 1108 802 1214 866; x_wconf 92' lang='lat' dir='ltr'><strong>intra</strong></span> <span class='ocrx_word' id='word_1_51' title='bbox 1239 806 1292 867; x_wconf 86' lang='lat' dir='ltr'><strong>tu.</strong></span> 
     </span>
    </p>

    <p class='ocr_par' dir='ltr' id='par_1_3' title="bbox 117 907 1294 1410">
     <span class='ocr_line' id='line_1_6' title="bbox 117 907 1293 989; baseline 0.004 -22"><span class='ocrx_word' id='word_1_52' title='bbox 117 909 209 973; x_wconf 75' lang='lat' dir='ltr'><strong>ahoc</strong></span> <span class='ocrx_word' id='word_1_53' title='bbox 232 911 295 972; x_wconf 88' lang='lat' dir='ltr'><strong>est:</strong></span> <span class='ocrx_word' id='word_1_54' title='bbox 320 908 351 971; x_wconf 96' lang='lat' dir='ltr'><strong>in</strong></span> <span class='ocrx_word' id='word_1_55' title='bbox 376 911 407 971; x_wconf 91' lang='lat' dir='ltr'><strong>te</strong></span> <span class='ocrx_word' id='word_1_56' title='bbox 431 907 537 989; x_wconf 93' lang='lat' dir='ltr'><strong>ipsum</strong></span> <span class='ocrx_word' id='word_1_57' title='bbox 561 908 653 981; x_wconf 80' lang='lat' dir='ltr'><strong>intra,</strong></span> <span class='ocrx_word' id='word_1_58' title='bbox 677 908 709 971; x_wconf 97' lang='lat' dir='ltr'><strong>in</strong></span> <span class='ocrx_word' id='word_1_59' title='bbox 734 912 822 972; x_wconf 89' lang='lat' dir='ltr'><strong>tuam</strong></span> <span class='ocrx_word' id='word_1_60' title='bbox 846 911 995 985; x_wconf 77' lang='lat' dir='ltr'><strong>mentem,</strong></span> <span class='ocrx_word' id='word_1_61' title='bbox 1019 909 1050 972; x_wconf 92' lang='lat' dir='ltr'><strong>in</strong></span> <span class='ocrx_word' id='word_1_62' title='bbox 1074 911 1148 972; x_wconf 90' lang='lat' dir='ltr'><strong>tuae</strong></span> <span class='ocrx_word' id='word_1_63' title='bbox 1173 909 1293 973; x_wconf 88' lang='lat' dir='ltr'><strong>animae</strong></span> 
     </span>
     <span class='ocr_line' id='line_1_7' title="bbox 148 1014 1293 1099; baseline 0.001 -21"><span class='ocrx_word' id='word_1_64' title='bbox 148 1015 332 1099; x_wconf 84' lang='lat' dir='ltr'><strong>principale.</strong></span> <span class='ocrx_word' id='word_1_65' title='bbox 364 1014 409 1078; x_wconf 91' lang='lat' dir='ltr'><strong>ibi</strong></span> <span class='ocrx_word' id='word_1_66' title='bbox 439 1015 525 1078; x_wconf 89' lang='lat' dir='ltr'><strong>salus</strong></span> <span class='ocrx_word' id='word_1_67' title='bbox 554 1018 612 1091; x_wconf 84' lang='lat' dir='ltr'><strong>est,</strong></span> <span class='ocrx_word' id='word_1_68' title='bbox 644 1015 688 1077; x_wconf 92' lang='lat' dir='ltr'><strong>ibi</strong></span> <span class='ocrx_word' id='word_1_69' title='bbox 722 1014 981 1097; x_wconf 78' lang='lat' dir='ltr'><strong>gubernaculum.</strong></span> <span class='ocrx_word' id='word_1_70' title='bbox 1015 1014 1092 1078; x_wconf 91' lang='lat' dir='ltr'><strong>soris</strong></span> <span class='ocrx_word' id='word_1_71' title='bbox 1125 1015 1293 1079; x_wconf 90' lang='lat' dir='ltr'><strong>diluuium.</strong></span> 
     </span>
     <span class='ocr_line' id='line_1_8' title="bbox 148 1120 1294 1204; baseline -0.001 -19"><span class='ocrx_word' id='word_1_72' title='bbox 148 1122 224 1186; x_wconf 86' lang='lat' dir='ltr'><strong>ioris</strong></span> <span class='ocrx_word' id='word_1_73' title='bbox 248 1122 435 1204; x_wconf 90' lang='lat' dir='ltr'><strong>periculum.</strong></span> <span class='ocrx_word' id='word_1_74' title='bbox 462 1121 489 1184; x_wconf 90' lang='lat' dir='ltr'><strong>si</strong></span> <span class='ocrx_word' id='word_1_75' title='bbox 514 1124 620 1185; x_wconf 90' lang='lat' dir='ltr'><strong>autem</strong></span> <span class='ocrx_word' id='word_1_76' title='bbox 644 1121 730 1184; x_wconf 91' lang='lat' dir='ltr'><strong>intus</strong></span> <span class='ocrx_word' id='word_1_77' title='bbox 755 1120 864 1197; x_wconf 80' lang='lat' dir='ltr'><strong>fueris,</strong></span> <span class='ocrx_word' id='word_1_78' title='bbox 890 1127 921 1184; x_wconf 93' lang='lat' dir='ltr'><strong>et</strong></span> <span class='ocrx_word' id='word_1_79' title='bbox 944 1121 1020 1185; x_wconf 87' lang='lat' dir='ltr'><strong>ioris</strong></span> <span class='ocrx_word' id='word_1_80' title='bbox 1045 1124 1135 1185; x_wconf 91' lang='lat' dir='ltr'><strong>tutus</strong></span> <span class='ocrx_word' id='word_1_81' title='bbox 1156 1140 1200 1198; x_wconf 77' lang='lat' dir='ltr'><strong>es,</strong></span> <span class='ocrx_word' id='word_1_82' title='bbox 1222 1122 1294 1203; x_wconf 87' lang='lat' dir='ltr'><strong>quia</strong></span> 
     </span>
     <span class='ocr_line' id='line_1_9' title="bbox 149 1227 1294 1311; baseline 0 -19"><span class='ocrx_word' id='word_1_83' title='bbox 149 1228 204 1292; x_wconf 95' lang='lat' dir='ltr'><strong>ubi</strong></span> <span class='ocrx_word' id='word_1_84' title='bbox 227 1248 316 1292; x_wconf 90' lang='lat' dir='ltr'><strong>mens</strong></span> <span class='ocrx_word' id='word_1_85' title='bbox 340 1228 391 1291; x_wconf 91' lang='lat' dir='ltr'><strong>sui</strong></span> <span class='ocrx_word' id='word_1_86' title='bbox 414 1227 532 1292; x_wconf 88' lang='lat' dir='ltr'><strong>arbitra</strong></span> <span class='ocrx_word' id='word_1_87' title='bbox 556 1231 613 1305; x_wconf 85' lang='lat' dir='ltr'><strong>est,</strong></span> <span class='ocrx_word' id='word_1_88' title='bbox 638 1228 737 1291; x_wconf 90' lang='lat' dir='ltr'><strong>bonae</strong></span> <span class='ocrx_word' id='word_1_89' title='bbox 759 1231 833 1291; x_wconf 91' lang='lat' dir='ltr'><strong>sunt</strong></span> <span class='ocrx_word' id='word_1_90' title='bbox 852 1227 1071 1311; x_wconf 68' lang='lat' dir='ltr'><strong>cogitationes</strong></span> <span class='ocrx_word' id='word_1_91' title='bbox 1091 1229 1190 1292; x_wconf 89' lang='lat' dir='ltr'><strong>bonae</strong></span> <span class='ocrx_word' id='word_1_92' title='bbox 1211 1248 1294 1292; x_wconf 83' lang='lat' dir='ltr'><strong>exse-</strong></span> 
     </span>
     <span class='ocr_line' id='line_1_10' title="bbox 149 1332 1293 1410; baseline -0.001 -13"><span class='ocrx_word' id='word_1_93' title='bbox 149 1334 301 1399; x_wconf 87' lang='lat' dir='ltr'><strong>cutiones.</strong></span> <span class='ocrx_word' id='word_1_94' title='bbox 340 1333 368 1396; x_wconf 91' lang='lat' dir='ltr'><strong>si</strong></span> <span class='ocrx_word' id='word_1_95' title='bbox 405 1332 488 1396; x_wconf 93' lang='lat' dir='ltr'><strong>enim</strong></span> <span class='ocrx_word' id='word_1_96' title='bbox 527 1332 606 1395; x_wconf 87' lang='lat' dir='ltr'>nihil</span> <span class='ocrx_word' id='word_1_97' title='bbox 642 1332 715 1395; x_wconf 89' lang='lat' dir='ltr'><strong>uitii</strong></span> <span class='ocrx_word' id='word_1_98' title='bbox 757 1335 894 1396; x_wconf 91' lang='lat' dir='ltr'><strong>mentem</strong></span> <span class='ocrx_word' id='word_1_99' title='bbox 936 1333 1112 1410; x_wconf 76' lang='lat' dir='ltr'><strong>obumbret,</strong></span> <span class='ocrx_word' id='word_1_100' title='bbox 1155 1333 1293 1397; x_wconf 78' lang='lat' dir='ltr'>sincerae</span> 
     </span>
    </p>

    <p class='ocr_par' dir='ltr' id='par_1_4' title="bbox 106 1439 1421 1525">
     <span class='ocr_line' id='line_1_11' title="bbox 106 1439 1421 1525; baseline -0.001 -21"><span class='ocrx_word' id='word_1_101' title='bbox 106 1464 129 1498; x_wconf 80' lang='grc' dir='ltr'><strong>ιο</strong></span> <span class='ocrx_word' id='word_1_102' title='bbox 150 1440 360 1523; x_wconf 84' lang='lat' dir='ltr'><strong>cogitationes</strong></span> <span class='ocrx_word' id='word_1_103' title='bbox 385 1443 468 1503; x_wconf 92' lang='lat' dir='ltr'><strong>sunt.</strong></span> <span class='ocrx_word' id='word_1_104' title='bbox 494 1439 521 1503; x_wconf 91' lang='lat' dir='ltr'><strong>si</strong></span> <span class='ocrx_word' id='word_1_105' title='bbox 546 1439 649 1503; x_wconf 90' lang='lat' dir='ltr'><strong>studio</strong></span> <span class='ocrx_word' id='word_1_106' title='bbox 674 1439 717 1502; x_wconf 91' lang='lat' dir='ltr'><strong>sit</strong></span> <span class='ocrx_word' id='word_1_107' title='bbox 741 1439 882 1515; x_wconf 83' lang='lat' dir='ltr'><strong>castitas,</strong></span> <span class='ocrx_word' id='word_1_108' title='bbox 908 1439 995 1503; x_wconf 90' lang='lat' dir='ltr'><strong>cordi</strong></span> <span class='ocrx_word' id='word_1_109' title='bbox 1014 1440 1056 1504; x_wconf 89' lang='lat' dir='ltr'><strong>sit</strong></span> <span class='ocrx_word' id='word_1_110' title='bbox 1075 1439 1354 1522; x_wconf 61' lang='lat' dir='ltr'><strong>temperantiam?</strong></span> <span class='ocrx_word' id='word_1_111' title='bbox 1370 1451 1391 1503; x_wconf 81' lang='lat' dir='ltr'><strong>n</strong></span> <span class='ocrx_word' id='word_1_112' title='bbox 1409 1464 1421 1525; x_wconf 58' lang='grc' dir='ltr'><strong><em>ς</em></strong></span> 
     </span>
    </p>
   </div>
   <div class='ocr_carea' id='block_1_3' title="bbox 14 1652 1343 3121">
    <p class='ocr_par' dir='ltr' id='par_1_5' title="bbox 14 1652 1343 3121">
     <span class='ocr_line' id='line_1_12' title="bbox 150 1652 1221 1737; baseline -0.001 -21"><span class='ocrx_word' id='word_1_113' title='bbox 150 1652 370 1737; x_wconf 82' lang='lat' dir='ltr'><strong>aegritudinis3</strong></span> <span class='ocrx_word' id='word_1_114' title='bbox 396 1653 549 1717; x_wconf 83' lang='lat' dir='ltr'><strong>sobrietas</strong></span> <span class='ocrx_word' id='word_1_115' title='bbox 574 1653 657 1716; x_wconf 92' lang='lat' dir='ltr'><strong>enim</strong></span> <span class='ocrx_word' id='word_1_116' title='bbox 680 1653 796 1716; x_wconf 89' lang='lat' dir='ltr'><strong>mentis</strong></span> <span class='ocrx_word' id='word_1_117' title='bbox 820 1652 976 1715; x_wconf 90' lang='lat' dir='ltr'><strong>medicina</strong></span> <span class='ocrx_word' id='word_1_118' title='bbox 1001 1656 1049 1717; x_wconf 88' lang='lat' dir='ltr'><strong>est</strong></span> <span class='ocrx_word' id='word_1_119' title='bbox 1072 1653 1221 1735; x_wconf 89' lang='lat' dir='ltr'><strong>corporis.</strong></span> 
     </span>
     <span class='ocr_line' id='line_1_13' title="bbox 14 1759 1343 1846; baseline -0.004 -19"><span class='ocrx_word' id='word_1_120' title='bbox 14 1764 47 1846; x_wconf 79' lang='grc'><strong>2,</strong></span> <span class='ocrx_word' id='word_1_121' title='bbox 60 1763 103 1826; x_wconf 85' lang='grc'><strong>39</strong></span> <span class='ocrx_word' id='word_1_122' title='bbox 192 1760 286 1824; x_wconf 86' lang='lat' dir='ltr'><strong>Nunc</strong></span> <span class='ocrx_word' id='word_1_123' title='bbox 319 1759 556 1824; x_wconf 79' lang='lat' dir='ltr'><strong>consideremus</strong></span> <span class='ocrx_word' id='word_1_124' title='bbox 590 1778 651 1841; x_wconf 90' lang='lat' dir='ltr'><strong>qua.</strong></span> <span class='ocrx_word' id='word_1_125' title='bbox 683 1759 802 1822; x_wconf 91' lang='lat' dir='ltr'><strong>ratione</strong></span> <span class='ocrx_word' id='word_1_126' title='bbox 835 1759 942 1822; x_wconf 88' lang='lat' dir='ltr'><strong>induci</strong></span> <span class='ocrx_word' id='word_1_127' title='bbox 968 1760 1000 1823; x_wconf 93' lang='lat' dir='ltr'><strong>in</strong></span> <span class='ocrx_word' id='word_1_128' title='bbox 1029 1779 1132 1823; x_wconf 89' lang='lat' dir='ltr'><strong>aream</strong></span> <span class='ocrx_word' id='word_1_129' title='bbox 1160 1760 1249 1823; x_wconf 92' lang='lat' dir='ltr'><strong>iubet</strong></span> <span class='ocrx_word' id='word_1_130' title='bbox 1276 1779 1292 1822; x_wconf 89' lang='lat' dir='ltr'><strong>a</strong></span> <span class='ocrx_word' id='word_1_131' title='bbox 1321 1764 1343 1815; x_wconf 91' lang='lat' dir='ltr'>B</span> 
     </span>
     <span class='ocr_line' id='line_1_14' title="bbox 149 1865 1293 1948; baseline -0.003 -18"><span class='ocrx_word' id='word_1_132' title='bbox 149 1866 299 1930; x_wconf 88' lang='lat' dir='ltr'><strong>iumentis</strong></span> <span class='ocrx_word' id='word_1_133' title='bbox 323 1866 451 1930; x_wconf 87' lang='lat' dir='ltr'><strong>mundis</strong></span> <span class='ocrx_word' id='word_1_134' title='bbox 476 1869 598 1946; x_wconf 87' lang='lat' dir='ltr'><strong>septem</strong></span> <span class='ocrx_word' id='word_1_135' title='bbox 623 1869 654 1928; x_wconf 93' lang='lat' dir='ltr'><strong>et</strong></span> <span class='ocrx_word' id='word_1_136' title='bbox 674 1869 806 1948; x_wconf 82' lang='lat' dir='ltr'><strong>sepiem,</strong></span> <span class='ocrx_word' id='word_1_137' title='bbox 826 1865 1006 1928; x_wconf 87' lang='lat' dir='ltr'><strong>masculum</strong></span> <span class='ocrx_word' id='word_1_138' title='bbox 1026 1869 1057 1929; x_wconf 92' lang='lat' dir='ltr'><strong>et</strong></span> <span class='ocrx_word' id='word_1_139' title='bbox 1076 1865 1234 1939; x_wconf 74' lang='lat' dir='ltr'><strong>feminam,</strong></span> <span class='ocrx_word' id='word_1_140' title='bbox 1255 1866 1293 1927; x_wconf 91' lang='lat' dir='ltr'><strong>ab</strong></span> 
     </span>
     <span class='ocr_line' id='line_1_15' title="bbox 104 1971 1294 2049; baseline -0.002 -13"><span class='ocrx_word' id='word_1_141' title='bbox 104 1994 130 2032; x_wconf 81' lang='lat'><strong>1⁵</strong></span> <span class='ocrx_word' id='word_1_142' title='bbox 149 1973 308 2036; x_wconf 88' lang='lat' dir='ltr'><strong>inmundis</strong></span> <span class='ocrx_word' id='word_1_143' title='bbox 338 1975 445 2037; x_wconf 92' lang='lat' dir='ltr'><strong>autem</strong></span> <span class='ocrx_word' id='word_1_144' title='bbox 474 1973 536 2037; x_wconf 94' lang='lat' dir='ltr'><strong>duo</strong></span> <span class='ocrx_word' id='word_1_145' title='bbox 566 1975 597 2036; x_wconf 92' lang='lat' dir='ltr'><strong>et</strong></span> <span class='ocrx_word' id='word_1_146' title='bbox 625 1973 697 2049; x_wconf 71' lang='lat' dir='ltr'><strong>duo,</strong></span> <span class='ocrx_word' id='word_1_147' title='bbox 728 1974 765 2035; x_wconf 95' lang='lat' dir='ltr'><strong>ut</strong></span> <span class='ocrx_word' id='word_1_148' title='bbox 792 1972 950 2035; x_wconf 90' lang='lat' dir='ltr'><strong>nutriatur</strong></span> <span class='ocrx_word' id='word_1_149' title='bbox 979 1991 1085 2036; x_wconf 86' lang='lat' dir='ltr'><strong>semen</strong></span> <span class='ocrx_word' id='word_1_150' title='bbox 1114 1971 1144 2034; x_wconf 94' lang='lat' dir='ltr'><strong>in</strong></span> <span class='ocrx_word' id='word_1_151' title='bbox 1170 1990 1294 2034; x_wconf 92' lang='lat' dir='ltr'><strong>omnem</strong></span> 
     </span>
     <span class='ocr_line' id='line_1_16' title="bbox 149 2077 1294 2163; baseline 0 -22"><span class='ocrx_word' id='word_1_152' title='bbox 149 2081 274 2143; x_wconf 89' lang='lat' dir='ltr'><strong>terram.</strong></span> <span class='ocrx_word' id='word_1_153' title='bbox 308 2082 350 2158; x_wconf 84' lang='lat' dir='ltr'><strong>et,</strong></span> <span class='ocrx_word' id='word_1_154' title='bbox 383 2086 420 2143; x_wconf 92' lang='lat' dir='ltr'><strong>ut</strong></span> <span class='ocrx_word' id='word_1_155' title='bbox 453 2098 511 2163; x_wconf 85' lang='lat' dir='ltr'><strong>ego</strong></span> <span class='ocrx_word' id='word_1_156' title='bbox 546 2079 689 2156; x_wconf 82' lang='lat' dir='ltr'><strong>arbitror,</strong></span> <span class='ocrx_word' id='word_1_157' title='bbox 717 2079 795 2142; x_wconf 91' lang='lat' dir='ltr'><strong>inire</strong></span> <span class='ocrx_word' id='word_1_158' title='bbox 824 2078 974 2142; x_wconf 92' lang='lat' dir='ltr'><strong>mundam</strong></span> <span class='ocrx_word' id='word_1_159' title='bbox 1004 2078 1122 2142; x_wconf 75' lang='lat' dir='ltr'><strong>adserit</strong></span> <span class='ocrx_word' id='word_1_160' title='bbox 1150 2077 1294 2141; x_wconf 89' lang='lat' dir='ltr'><strong>ebdoma-</strong></span> 
     </span>
     <span class='ocr_line' id='line_1_17' title="bbox 151 2184 1294 2267; baseline -0.002 -19"><span class='ocrx_word' id='word_1_161' title='bbox 151 2185 232 2261; x_wconf 78' lang='lat' dir='ltr'><strong>dam,</strong></span> <span class='ocrx_word' id='word_1_162' title='bbox 262 2186 336 2267; x_wconf 93' lang='lat' dir='ltr'><strong>quia</strong></span> <span class='ocrx_word' id='word_1_163' title='bbox 363 2185 499 2250; x_wconf 89' lang='lat' dir='ltr'><strong>mundus</strong></span> <span class='ocrx_word' id='word_1_164' title='bbox 529 2188 561 2249; x_wconf 90' lang='lat' dir='ltr'><strong>et</strong></span> <span class='ocrx_word' id='word_1_165' title='bbox 588 2204 678 2249; x_wconf 88' lang='lat' dir='ltr'><strong>sacer</strong></span> <span class='ocrx_word' id='word_1_166' title='bbox 706 2185 861 2266; x_wconf 91' lang='lat' dir='ltr'><strong>septimus</strong></span> <span class='ocrx_word' id='word_1_167' title='bbox 896 2204 1062 2260; x_wconf 90' lang='lat' dir='ltr'><strong>numerus;</strong></span> <span class='ocrx_word' id='word_1_168' title='bbox 1100 2184 1181 2247; x_wconf 96' lang='lat' dir='ltr'><strong>nulli</strong></span> <span class='ocrx_word' id='word_1_169' title='bbox 1213 2184 1294 2247; x_wconf 89' lang='lat' dir='ltr'><strong>enim</strong></span> 
     </span>
     <span class='ocr_line' id='line_1_18' title="bbox 149 2289 1343 2375; baseline 0.003 -21"><span class='ocrx_word' id='word_1_170' title='bbox 149 2291 302 2356; x_wconf 89' lang='lat' dir='ltr'><strong>miscetur</strong></span> <span class='ocrx_word' id='word_1_171' title='bbox 328 2310 386 2355; x_wconf 94' lang='lat' dir='ltr'><strong>nec</strong></span> <span class='ocrx_word' id='word_1_172' title='bbox 415 2292 453 2355; x_wconf 92' lang='lat' dir='ltr'><strong>ab</strong></span> <span class='ocrx_word' id='word_1_173' title='bbox 482 2291 544 2355; x_wconf 91' lang='lat' dir='ltr'><strong>alio</strong></span> <span class='ocrx_word' id='word_1_174' title='bbox 573 2294 750 2375; x_wconf 81' lang='lat' dir='ltr'><strong>generatur.</strong></span> <span class='ocrx_word' id='word_1_175' title='bbox 781 2291 916 2372; x_wconf 89' lang='lat' dir='ltr'><strong>ideoque</strong></span> <span class='ocrx_word' id='word_1_176' title='bbox 945 2291 1035 2374; x_wconf 82' lang='lat' dir='ltr'><strong>uirgo</strong></span> <span class='ocrx_word' id='word_1_177' title='bbox 1066 2289 1191 2366; x_wconf 71' lang='lat' dir='ltr'><strong>dicitur,</strong></span> <span class='ocrx_word' id='word_1_178' title='bbox 1222 2289 1295 2370; x_wconf 92' lang='lat' dir='ltr'><strong>quia</strong></span> <span class='ocrx_word' id='word_1_179' title='bbox 1323 2302 1343 2357; x_wconf 80' lang='lat' dir='ltr'>C</span> 
     </span>
     <span class='ocr_line' id='line_1_19' title="bbox 149 2395 1294 2482; baseline -0.001 -23"><span class='ocrx_word' id='word_1_180' title='bbox 149 2397 229 2462; x_wconf 90' lang='lat' dir='ltr'><strong>nihil</strong></span> <span class='ocrx_word' id='word_1_181' title='bbox 252 2418 288 2461; x_wconf 83' lang='lat' dir='ltr'><strong>en</strong></span> <span class='ocrx_word' id='word_1_182' title='bbox 311 2417 344 2462; x_wconf 88' lang='lat' dir='ltr'><strong>sc</strong></span> <span class='ocrx_word' id='word_1_183' title='bbox 369 2400 507 2482; x_wconf 84' lang='lat' dir='ltr'><strong>generat,</strong></span> <span class='ocrx_word' id='word_1_184' title='bbox 532 2399 708 2479; x_wconf 91' lang='lat' dir='ltr'><strong>meritoque</strong></span> <span class='ocrx_word' id='word_1_185' title='bbox 731 2400 895 2479; x_wconf 90' lang='lat' dir='ltr'><strong>tamquam</strong></span> <span class='ocrx_word' id='word_1_186' title='bbox 916 2396 1048 2461; x_wconf 90' lang='lat' dir='ltr'><strong>materni</strong></span> <span class='ocrx_word' id='word_1_187' title='bbox 1069 2415 1174 2460; x_wconf 84' lang='lat' dir='ltr'><strong>exsors</strong></span> <span class='ocrx_word' id='word_1_188' title='bbox 1194 2395 1294 2458; x_wconf 93' lang='lat' dir='ltr'><strong>inmu-</strong></span> 
     </span>
     <span class='ocr_line' id='line_1_20' title="bbox 106 2503 1293 2587; baseline 0 -21"><span class='ocrx_word' id='word_1_189' title='bbox 106 2526 132 2561; x_wconf 74' lang='lat' dir='ltr'><strong>ao</strong></span> <span class='ocrx_word' id='word_1_190' title='bbox 150 2504 261 2586; x_wconf 88' lang='lat' dir='ltr'><strong>nisque</strong></span> <span class='ocrx_word' id='word_1_191' title='bbox 293 2509 403 2587; x_wconf 90' lang='lat' dir='ltr'><strong>partus</strong></span> <span class='ocrx_word' id='word_1_192' title='bbox 436 2509 469 2569; x_wconf 90' lang='lat' dir='ltr'><strong>et</strong></span> <span class='ocrx_word' id='word_1_193' title='bbox 501 2505 664 2570; x_wconf 88' lang='lat' dir='ltr'><strong>muliebris</strong></span> <span class='ocrx_word' id='word_1_194' title='bbox 698 2506 840 2587; x_wconf 73' lang='lat' dir='ltr'><strong>copulae,</strong></span> <span class='ocrx_word' id='word_1_195' title='bbox 878 2505 938 2568; x_wconf 88' lang='lat' dir='ltr'><strong>etsi</strong></span> <span class='ocrx_word' id='word_1_196' title='bbox 972 2504 1120 2569; x_wconf 83' lang='lat' dir='ltr'><strong>ebdomas</strong></span> <span class='ocrx_word' id='word_1_197' title='bbox 1158 2503 1293 2566; x_wconf 82' lang='lat' dir='ltr'><strong>femineo</strong></span> 
     </span>
     <span class='ocr_line' id='line_1_21' title="bbox 150 2609 1292 2693; baseline -0.004 -20"><span class='ocrx_word' id='word_1_198' title='bbox 150 2614 350 2693; x_wconf 82' lang='lat' dir='ltr'><strong>nuncupetur</strong></span> <span class='ocrx_word' id='word_1_199' title='bbox 382 2612 550 2690; x_wconf 83' lang='lat' dir='ltr'><strong>uocabulo,</strong></span> <span class='ocrx_word' id='word_1_200' title='bbox 584 2612 686 2676; x_wconf 89' lang='lat' dir='ltr'><strong>uirilis</strong></span> <span class='ocrx_word' id='word_1_201' title='bbox 719 2612 815 2675; x_wconf 90' lang='lat' dir='ltr'><strong>habet</strong></span> <span class='ocrx_word' id='word_1_202' title='bbox 847 2610 1105 2676; x_wconf 88' lang='lat' dir='ltr'><strong>sanctificationis</strong></span> <span class='ocrx_word' id='word_1_203' title='bbox 1144 2609 1292 2692; x_wconf 77' lang='lat' dir='ltr'><strong>gratiam:</strong></span> 
     </span>
     <span class='ocr_line' id='line_1_22' title="bbox 151 2713 1294 2802; baseline -0.005 -19"><span class='ocrx_word' id='word_1_204' title='bbox 151 2719 277 2783; x_wconf 89' lang='lat' dir='ltr'><strong>omnis</strong></span> <span class='ocrx_word' id='word_1_205' title='bbox 312 2719 395 2782; x_wconf 90' lang='lat' dir='ltr'><strong>enim</strong></span> <span class='ocrx_word' id='word_1_206' title='bbox 427 2720 634 2783; x_wconf 86' lang='lat' dir='ltr'><strong>masculus</strong></span> <span class='ocrx_word' id='word_1_207' title='bbox 668 2719 904 2801; x_wconf 91' lang='lat' dir='ltr'><strong>adaperiens</strong></span> <span class='ocrx_word' id='word_1_208' title='bbox 938 2719 1100 2782; x_wconf 93' lang='lat' dir='ltr'><strong>uuluam</strong></span> <span class='ocrx_word' id='word_1_209' title='bbox 1139 2713 1294 2802; x_wconf 82' lang='lat' dir='ltr'><strong>[sanctus]</strong></span> 
     </span>
     <span class='ocr_line' id='line_1_23' title="bbox 136 2823 1292 2906; baseline -0.003 -18"><span class='ocrx_word' id='word_1_210' title='bbox 136 2825 310 2890; x_wconf 91' lang='lat' dir='ltr'><strong>domino</strong></span> <span class='ocrx_word' id='word_1_211' title='bbox 342 2826 520 2904; x_wconf 88' lang='lat' dir='ltr'><strong>uocabitur,</strong></span> <span class='ocrx_word' id='word_1_212' title='bbox 544 2827 604 2889; x_wconf 90' lang='lat' dir='ltr'><strong>hoc</strong></span> <span class='ocrx_word' id='word_1_213' title='bbox 629 2829 678 2889; x_wconf 86' lang='lat' dir='ltr'><strong>est</strong></span> <span class='ocrx_word' id='word_1_214' title='bbox 711 2829 850 2891; x_wconf 90' lang='lat' dir='ltr'><strong>sanctus.</strong></span> <span class='ocrx_word' id='word_1_215' title='bbox 880 2829 911 2888; x_wconf 90' lang='lat' dir='ltr'><strong>et</strong></span> <span class='ocrx_word' id='word_1_216' title='bbox 939 2825 970 2887; x_wconf 93' lang='lat' dir='ltr'><strong>in</strong></span> <span class='ocrx_word' id='word_1_217' title='bbox 999 2824 1153 2906; x_wconf 90' lang='lat' dir='ltr'><strong>propheta</strong></span> <span class='ocrx_word' id='word_1_218' title='bbox 1181 2823 1292 2885; x_wconf 88' lang='lat' dir='ltr'><strong>babes:</strong></span> 
     </span>
     <span class='ocr_line' id='line_1_24' title="bbox 152 2931 1294 3015; baseline -0.004 -20"><span class='ocrx_word' id='word_1_219' title='bbox 152 2933 306 3015; x_wconf 84' lang='lat' dir='ltr'><strong>effugit</strong></span> <span class='ocrx_word' id='word_1_220' title='bbox 332 2933 574 3015; x_wconf 89' lang='lat' dir='ltr'><strong>peperitque</strong></span> <span class='ocrx_word' id='word_1_221' title='bbox 604 2933 837 3007; x_wconf 76' lang='lat' dir='ltr'><strong>masculum,</strong></span> <span class='ocrx_word' id='word_1_222' title='bbox 866 2931 899 2994; x_wconf 92' lang='lat' dir='ltr'><strong>id</strong></span> <span class='ocrx_word' id='word_1_223' title='bbox 928 2936 977 2994; x_wconf 88' lang='lat' dir='ltr'><strong>est</strong></span> <span class='ocrx_word' id='word_1_224' title='bbox 1001 2933 1155 2994; x_wconf 87' lang='lat' dir='ltr'><strong>sanetum.</strong></span> <span class='ocrx_word' id='word_1_225' title='bbox 1184 2948 1294 2992; x_wconf 90' lang='lat' dir='ltr'><strong>secun-</strong></span> 
     </span>
     <span class='ocr_line' id='line_1_25' title="bbox 110 3037 1293 3121; baseline -0.004 -19"><span class='ocrx_word' id='word_1_226' title='bbox 110 3060 135 3096; x_wconf 69' lang='lat' dir='ltr'><strong>ao</strong></span> <span class='ocrx_word' id='word_1_227' title='bbox 151 3039 210 3102; x_wconf 87' lang='lat' dir='ltr'><strong>dus</strong></span> <span class='ocrx_word' id='word_1_228' title='bbox 235 3042 341 3103; x_wconf 89' lang='lat' dir='ltr'><strong>autem</strong></span> <span class='ocrx_word' id='word_1_229' title='bbox 365 3059 515 3103; x_wconf 89' lang='lat' dir='ltr'><strong>numerus</strong></span> <span class='ocrx_word' id='word_1_230' title='bbox 538 3059 599 3103; x_wconf 94' lang='lat' dir='ltr'><strong>non</strong></span> <span class='ocrx_word' id='word_1_231' title='bbox 620 3043 669 3102; x_wconf 88' lang='lat' dir='ltr'><strong>est</strong></span> <span class='ocrx_word' id='word_1_232' title='bbox 686 3040 810 3121; x_wconf 88' lang='lat' dir='ltr'><strong>plenus,</strong></span> <span class='ocrx_word' id='word_1_233' title='bbox 832 3039 905 3120; x_wconf 92' lang='lat' dir='ltr'><strong>quia</strong></span> <span class='ocrx_word' id='word_1_234' title='bbox 925 3038 1058 3103; x_wconf 89' lang='lat' dir='ltr'><strong>diuisus.</strong></span> <span class='ocrx_word' id='word_1_235' title='bbox 1084 3037 1168 3119; x_wconf 87' lang='lat' dir='ltr'><strong>quod</strong></span> <span class='ocrx_word' id='word_1_236' title='bbox 1188 3038 1293 3098; x_wconf 89' lang='lat' dir='ltr'><strong>autem</strong></span> 
     </span>
    </p>
   </div>
   <div class='ocr_carea' id='block_1_4' title="bbox 150 3278 1294 3522">
    <p class='ocr_par' dir='ltr' id='par_1_6' title="bbox 150 3278 1294 3522">
     <span class='ocr_line' id='line_1_26' title="bbox 242 3278 1294 3347; baseline -0.002 -15"><span class='ocrx_word' id='word_1_237' title='bbox 242 3279 273 3334; x_wconf 87' lang='grc'><strong>13</strong></span> <span class='ocrx_word' id='word_1_238' title='bbox 294 3279 360 3334; x_wconf 85' lang='lat' dir='ltr'><strong>Gen.</strong></span> <span class='ocrx_word' id='word_1_239' title='bbox 381 3282 405 3343; x_wconf 82' lang='lat'><strong>7,</strong></span> <span class='ocrx_word' id='word_1_240' title='bbox 426 3281 441 3333; x_wconf 86' lang='lat'><strong>2</strong></span> <span class='ocrx_word' id='word_1_241' title='bbox 460 3279 538 3332; x_wconf 92' lang='lat' dir='ltr'><strong>Philo</strong></span> <span class='ocrx_word' id='word_1_242' title='bbox 560 3278 670 3343; x_wconf 80' lang='lat' dir='ltr'><strong>Quaest.</strong></span> <span class='ocrx_word' id='word_1_243' title='bbox 691 3281 718 3332; x_wconf 93' lang='grc' dir='ltr'><strong>ΙΙ</strong></span> <span class='ocrx_word' id='word_1_244' title='bbox 740 3281 772 3332; x_wconf 93' lang='grc'><strong>12</strong></span> <span class='ocrx_word' id='word_1_245' title='bbox 846 3281 878 3332; x_wconf 82' lang='grc'><strong>17</strong></span> <span class='ocrx_word' id='word_1_246' title='bbox 898 3278 976 3331; x_wconf 94' lang='lat' dir='ltr'><strong>Philo</strong></span> <span class='ocrx_word' id='word_1_247' title='bbox 996 3279 1080 3347; x_wconf 81' lang='lat' dir='ltr'><strong>Legg.</strong></span> <span class='ocrx_word' id='word_1_248' title='bbox 1101 3279 1180 3347; x_wconf 82' lang='lat' dir='ltr'><strong>alleg.</strong></span> <span class='ocrx_word' id='word_1_249' title='bbox 1200 3278 1213 3330; x_wconf 94' lang='grc' dir='ltr'>Ι</span> <span class='ocrx_word' id='word_1_250' title='bbox 1233 3281 1248 3333; x_wconf 84' lang='grc'><strong>5</strong></span> <span class='ocrx_word' id='word_1_251' title='bbox 1270 3279 1294 3342; x_wconf 82' lang='grc' dir='ltr'><strong>(Ι</strong></span> 
     </span>
     <span class='ocr_line' id='line_1_27' title="bbox 150 3367 1292 3436; baseline -0.004 -13"><span class='ocrx_word' id='word_1_252' title='bbox 150 3372 193 3433; x_wconf 84' lang='grc'><strong>46,</strong></span> <span class='ocrx_word' id='word_1_253' title='bbox 214 3368 260 3432; x_wconf 84' lang='grc'><strong>13;</strong></span> <span class='ocrx_word' id='word_1_254' title='bbox 279 3369 293 3421; x_wconf 88' lang='lat' dir='ltr'><strong>l</strong></span> <span class='ocrx_word' id='word_1_255' title='bbox 312 3370 355 3432; x_wconf 82' lang='grc'><strong>64,</strong></span> <span class='ocrx_word' id='word_1_256' title='bbox 377 3370 409 3422; x_wconf 85' lang='grc'><strong>19</strong></span> <span class='ocrx_word' id='word_1_257' title='bbox 431 3367 472 3434; x_wconf 79' lang='lat'><strong>0.)</strong></span> <span class='ocrx_word' id='word_1_258' title='bbox 493 3369 525 3421; x_wconf 89' lang='lat' dir='ltr'><strong>dc</strong></span> <span class='ocrx_word' id='word_1_259' title='bbox 545 3369 604 3421; x_wconf 89' lang='lat' dir='ltr'><strong>uita</strong></span> <span class='ocrx_word' id='word_1_260' title='bbox 621 3368 707 3436; x_wconf 76' lang='lat' dir='ltr'><strong>bloys.</strong></span> <span class='ocrx_word' id='word_1_261' title='bbox 728 3368 770 3420; x_wconf 90' lang='lat' dir='ltr'><strong>HI</strong></span> <span class='ocrx_word' id='word_1_262' title='bbox 789 3369 822 3420; x_wconf 80' lang='grc'><strong>27</strong></span> <span class='ocrx_word' id='word_1_263' title='bbox 839 3367 877 3435; x_wconf 67' lang='grc' dir='ltr'><strong>(ΙΙ</strong></span> <span class='ocrx_word' id='word_1_264' title='bbox 893 3369 952 3431; x_wconf 86' lang='grc'><strong>166,</strong></span> <span class='ocrx_word' id='word_1_265' title='bbox 968 3368 1012 3432; x_wconf 83' lang='grc'><strong>39)</strong></span> <span class='ocrx_word' id='word_1_266' title='bbox 1052 3369 1085 3420; x_wconf 88' lang='grc'><strong>22</strong></span> <span class='ocrx_word' id='word_1_267' title='bbox 1101 3367 1183 3420; x_wconf 77' lang='lat' dir='ltr'><strong>Enod.</strong></span> <span class='ocrx_word' id='word_1_268' title='bbox 1201 3368 1242 3423; x_wconf 86' lang='lat'><strong>13.</strong></span> <span class='ocrx_word' id='word_1_269' title='bbox 1260 3368 1292 3419; x_wconf 91' lang='grc'><strong>12</strong></span> 
     </span>
     <span class='ocr_line' id='line_1_28' title="bbox 150 3457 374 3522; baseline 0.004 -12"><span class='ocrx_word' id='word_1_270' title='bbox 150 3458 186 3510; x_wconf 82' lang='grc'><strong>24</strong></span> <span class='ocrx_word' id='word_1_271' title='bbox 207 3457 275 3510; x_wconf 76' lang='grc' dir='ltr'><strong>Εεεὶ.</strong></span> <span class='ocrx_word' id='word_1_272' title='bbox 296 3459 338 3522; x_wconf 88' lang='grc'><strong>66,</strong></span> <span class='ocrx_word' id='word_1_273' title='bbox 359 3459 374 3510; x_wconf 84' lang='grc'><strong>1</strong></span> 
     </span>
    </p>
   </div>
   <div class='ocr_carea' id='block_1_5' title="bbox 151 3597 1295 3846">
    <p class='ocr_par' dir='ltr' id='par_1_7' title="bbox 151 3597 1295 3846">
     <span class='ocr_line' id='line_1_29' title="bbox 188 3597 1295 3665; baseline -0.001 -14"><span class='ocrx_word' id='word_1_274' title='bbox 188 3600 200 3651; x_wconf 94' lang='grc'><strong>1</strong></span> <span class='ocrx_word' id='word_1_275' title='bbox 222 3598 345 3651; x_wconf 79' lang='lat' dir='ltr'><strong>animae</strong></span> <span class='ocrx_word' id='word_1_276' title='bbox 368 3597 399 3649; x_wconf 77' lang='lat'><strong>1¹¹</strong></span> <span class='ocrx_word' id='word_1_277' title='bbox 472 3598 553 3650; x_wconf 62' lang='lat' dir='ltr'><strong>lmese</strong></span> <span class='ocrx_word' id='word_1_278' title='bbox 571 3599 598 3650; x_wconf 91' lang='lat' dir='ltr'><strong><em>P</em></strong></span> <span class='ocrx_word' id='word_1_279' title='bbox 617 3599 655 3664; x_wconf 89' lang='lat' dir='ltr'><strong>(in</strong></span> <span class='ocrx_word' id='word_1_280' title='bbox 675 3603 756 3664; x_wconf 82' lang='lat' dir='ltr'><strong>erus.)</strong></span> <span class='ocrx_word' id='word_1_281' title='bbox 776 3599 827 3650; x_wconf 92' lang='lat' dir='ltr'><strong>hoc</strong></span> <span class='ocrx_word' id='word_1_282' title='bbox 848 3603 888 3650; x_wconf 87' lang='lat' dir='ltr'><strong>est</strong></span> <span class='ocrx_word' id='word_1_283' title='bbox 906 3598 933 3648; x_wconf 99' lang='grc' dir='ltr'><em>Β</em></span> <span class='ocrx_word' id='word_1_284' title='bbox 987 3598 1003 3648; x_wconf 92' lang='grc'><strong>2</strong></span> <span class='ocrx_word' id='word_1_285' title='bbox 1021 3598 1163 3650; x_wconf 84' lang='lat' dir='ltr'><strong>incolomis</strong></span> <span class='ocrx_word' id='word_1_286' title='bbox 1184 3598 1246 3665; x_wconf 75' lang='grc'><strong>11111)</strong></span> <span class='ocrx_word' id='word_1_287' title='bbox 1270 3598 1295 3650; x_wconf 86' lang='grc' dir='ltr'><em>Τ</em></span> 
     </span>
     <span class='ocr_line' id='line_1_30' title="bbox 151 3686 1293 3757; baseline -0.002 -15"><span class='ocrx_word' id='word_1_288' title='bbox 151 3690 166 3742; x_wconf 88' lang='grc'>6</span> <span class='ocrx_word' id='word_1_289' title='bbox 186 3687 333 3756; x_wconf 79' lang='lat' dir='ltr'><strong>principale</strong></span> <span class='ocrx_word' id='word_1_290' title='bbox 352 3687 379 3739; x_wconf 95' lang='lat' dir='ltr'><strong><em>P</em></strong></span> <span class='ocrx_word' id='word_1_291' title='bbox 398 3687 434 3751; x_wconf 87' lang='lat' dir='ltr'><strong>(al</strong></span> <span class='ocrx_word' id='word_1_292' title='bbox 453 3688 484 3740; x_wconf 83' lang='grc'><strong>111</strong></span> <span class='ocrx_word' id='word_1_293' title='bbox 502 3693 570 3754; x_wconf 77' lang='lat' dir='ltr'><strong>aas.)</strong></span> <span class='ocrx_word' id='word_1_294' title='bbox 632 3688 648 3740; x_wconf 82' lang='lat'><em>8</em></span> <span class='ocrx_word' id='word_1_295' title='bbox 668 3687 847 3755; x_wconf 83' lang='lat' dir='ltr'><strong>cogitationes</strong></span> <span class='ocrx_word' id='word_1_296' title='bbox 866 3687 894 3739; x_wconf 89' lang='lat' dir='ltr'><strong><em>P</em></strong></span> <span class='ocrx_word' id='word_1_297' title='bbox 910 3686 950 3757; x_wconf 85' lang='lat' dir='ltr'><strong>(gi</strong></span> <span class='ocrx_word' id='word_1_298' title='bbox 970 3703 1002 3740; x_wconf 82' lang='lat' dir='ltr'><strong>ce</strong></span> <span class='ocrx_word' id='word_1_299' title='bbox 1019 3688 1056 3739; x_wconf 92' lang='lat' dir='ltr'><strong>mi</strong></span> <span class='ocrx_word' id='word_1_300' title='bbox 1076 3690 1131 3752; x_wconf 76' lang='grc'><strong>113)</strong></span> <span class='ocrx_word' id='word_1_301' title='bbox 1206 3688 1293 3740; x_wconf 89' lang='lat' dir='ltr'><strong>bonae</strong></span> 
     </span>
     <span class='ocr_line' id='line_1_31' title="bbox 151 3776 1294 3846; baseline 0.001 -16"><span class='ocrx_word' id='word_1_302' title='bbox 151 3781 214 3830; x_wconf 88' lang='lat' dir='ltr'><strong>sunt</strong></span> <span class='ocrx_word' id='word_1_303' title='bbox 232 3776 265 3829; x_wconf 91' lang='lat' dir='ltr'><strong><em>N</em></strong></span> <span class='ocrx_word' id='word_1_304' title='bbox 343 3777 527 3829; x_wconf 85' lang='lat' dir='ltr'><strong>exsecutiones</strong></span> <span class='ocrx_word' id='word_1_305' title='bbox 548 3778 589 3843; x_wconf 78' lang='grc'><strong>(111</strong></span> <span class='ocrx_word' id='word_1_306' title='bbox 607 3782 674 3843; x_wconf 82' lang='lat' dir='ltr'><strong>rus.)</strong></span> <span class='ocrx_word' id='word_1_307' title='bbox 695 3778 721 3829; x_wconf 93' lang='grc' dir='ltr'><em>Β</em></span> <span class='ocrx_word' id='word_1_308' title='bbox 814 3777 847 3830; x_wconf 81' lang='lat' dir='ltr'><strong>rb</strong></span> <span class='ocrx_word' id='word_1_309' title='bbox 866 3781 930 3829; x_wconf 89' lang='lat' dir='ltr'><strong>sunt</strong></span> <span class='ocrx_word' id='word_1_310' title='bbox 949 3777 1129 3846; x_wconf 85' lang='lat' dir='ltr'><strong>cogitationes</strong></span> <span class='ocrx_word' id='word_1_311' title='bbox 1148 3778 1175 3828; x_wconf 99' lang='grc' dir='ltr'><em>Β</em></span> <span class='ocrx_word' id='word_1_312' title='bbox 1258 3778 1294 3831; x_wconf 91' lang='lat' dir='ltr'><strong>sit</strong></span> 
     </span>
    </p>
   </div>
   <div class='ocr_carea' id='block_1_6' title="bbox 151 3881 1293 3971">
    <p class='ocr_par' dir='ltr' id='par_1_8' title="bbox 151 3881 1293 3971">
     <span class='ocr_line' id='line_1_32' title="bbox 151 3881 1293 3971; baseline 0.001 -18"><span class='ocrx_word' id='word_1_313' title='bbox 151 3901 224 3970; x_wconf 75' lang='lat' dir='ltr'><strong>(ult.)</strong></span> <span class='ocrx_word' id='word_1_314' title='bbox 239 3901 266 3952; x_wconf 91' lang='grc' dir='ltr'><strong>Β</strong></span> <span class='ocrx_word' id='word_1_315' title='bbox 285 3901 326 3956; x_wconf 84' lang='lat' dir='ltr'><strong>ed.</strong></span> <span class='ocrx_word' id='word_1_316' title='bbox 344 3899 423 3954; x_wconf 78' lang='lat' dir='ltr'><strong>Runa.</strong></span> <span class='ocrx_word' id='word_1_317' title='bbox 445 3901 467 3953; x_wconf 88' lang='lat' dir='ltr'><strong>si</strong></span> <span class='ocrx_word' id='word_1_318' title='bbox 487 3906 533 3954; x_wconf 85' lang='lat' dir='ltr'><strong>eet.</strong></span> <span class='ocrx_word' id='word_1_319' title='bbox 553 3881 640 3971; x_wconf 66' lang='lat' dir='ltr'><strong>(cor&#39;lli</strong></span> <span class='ocrx_word' id='word_1_320' title='bbox 659 3882 683 3954; x_wconf 82' lang='lat' dir='ltr'><strong>sl</strong></span> <span class='ocrx_word' id='word_1_321' title='bbox 706 3902 747 3970; x_wconf 79' lang='lat' dir='ltr'><strong>P)</strong></span> <span class='ocrx_word' id='word_1_322' title='bbox 785 3902 815 3955; x_wconf 95' lang='lat' dir='ltr'><strong>ll</strong></span> <span class='ocrx_word' id='word_1_323' title='bbox 831 3900 978 3954; x_wconf 87' lang='lat' dir='ltr'><strong>inardescit</strong></span> <span class='ocrx_word' id='word_1_324' title='bbox 992 3900 1142 3954; x_wconf 90' lang='lat' dir='ltr'><strong>flammaN</strong></span> <span class='ocrx_word' id='word_1_325' title='bbox 1181 3902 1293 3955; x_wconf 70' lang='grc'><strong>161111)-</strong></span> 
     </span>
    </p>
   </div>
   <div class='ocr_carea' id='block_1_7' title="bbox 152 3982 1298 4263">
    <p class='ocr_par' dir='ltr' id='par_1_9' title="bbox 152 3982 1298 4263">
     <span class='ocr_line' id='line_1_33' title="bbox 152 3982 1293 4087; baseline 0.004 -19"><span class='ocrx_word' id='word_1_326' title='bbox 152 4016 294 4069; x_wconf 87' lang='lat' dir='ltr'><strong>domudam</strong></span> <span class='ocrx_word' id='word_1_327' title='bbox 313 4016 339 4068; x_wconf 89' lang='grc' dir='ltr'><em>Β</em></span> <span class='ocrx_word' id='word_1_328' title='bbox 414 4017 445 4069; x_wconf 84' lang='grc'><strong>11</strong></span> <span class='ocrx_word' id='word_1_329' title='bbox 465 3982 637 4081; x_wconf 70' lang='grc' dir='ltr'><strong>ῃ1ηιοῖιιεΡ</strong></span> <span class='ocrx_word' id='word_1_330' title='bbox 690 4017 724 4070; x_wconf 81' lang='lat' dir='ltr'><strong>ab</strong></span> <span class='ocrx_word' id='word_1_331' title='bbox 744 4015 907 4069; x_wconf 87' lang='lat' dir='ltr'><strong>ebdomadas</strong></span> <span class='ocrx_word' id='word_1_332' title='bbox 925 4016 950 4068; x_wconf 85' lang='grc' dir='ltr'><em>Τ</em></span> <span class='ocrx_word' id='word_1_333' title='bbox 969 4021 992 4083; x_wconf 86' lang='grc' dir='ltr'><strong>(ε</strong></span> <span class='ocrx_word' id='word_1_334' title='bbox 1012 4022 1091 4083; x_wconf 79' lang='lat' dir='ltr'><strong>eruc.)</strong></span> <span class='ocrx_word' id='word_1_335' title='bbox 1112 4014 1143 4069; x_wconf 78' lang='lat' dir='ltr'><strong>T¹</strong></span> <span class='ocrx_word' id='word_1_336' title='bbox 1162 4016 1293 4087; x_wconf 71' lang='lat' dir='ltr'><strong>(decerpi</strong></span> 
     </span>
     <span class='ocr_line' id='line_1_34' title="bbox 152 4103 1298 4175; baseline 0.001 -18"><span class='ocrx_word' id='word_1_337' title='bbox 152 4104 280 4175; x_wconf 87' lang='lat' dir='ltr'><strong>epdomas</strong></span> <span class='ocrx_word' id='word_1_338' title='bbox 299 4103 332 4157; x_wconf 90' lang='lat' dir='ltr'><em>N</em></span> <span class='ocrx_word' id='word_1_339' title='bbox 401 4106 435 4157; x_wconf 93' lang='grc'><strong>22</strong></span> <span class='ocrx_word' id='word_1_340' title='bbox 455 4108 564 4157; x_wconf 88' lang='lat' dir='ltr'><strong>sanetus</strong></span> <span class='ocrx_word' id='word_1_341' title='bbox 584 4121 634 4158; x_wconf 81' lang='lat' dir='ltr'><strong>one.</strong></span> <span class='ocrx_word' id='word_1_342' title='bbox 654 4105 688 4168; x_wconf 90' lang='lat' dir='ltr'><strong>B,</strong></span> <span class='ocrx_word' id='word_1_343' title='bbox 708 4105 811 4158; x_wconf 74' lang='grc'><strong>11111131</strong></span> <span class='ocrx_word' id='word_1_344' title='bbox 882 4105 915 4158; x_wconf 89' lang='grc'><strong>23</strong></span> <span class='ocrx_word' id='word_1_345' title='bbox 935 4105 985 4158; x_wconf 89' lang='lat' dir='ltr'><strong>hoc</strong></span> <span class='ocrx_word' id='word_1_346' title='bbox 1005 4109 1047 4158; x_wconf 87' lang='lat' dir='ltr'><strong>est</strong></span> <span class='ocrx_word' id='word_1_347' title='bbox 1066 4108 1174 4159; x_wconf 89' lang='lat' dir='ltr'><strong>sanctus</strong></span> <span class='ocrx_word' id='word_1_348' title='bbox 1194 4121 1244 4158; x_wconf 85' lang='lat' dir='ltr'><strong>orn.</strong></span> <span class='ocrx_word' id='word_1_349' title='bbox 1265 4106 1298 4158; x_wconf 88' lang='lat' dir='ltr'><strong><em>N</em></strong></span> 
     </span>
     <span class='ocr_line' id='line_1_35' title="bbox 152 4192 1018 4263; baseline 0.001 -17"><span class='ocrx_word' id='word_1_350' title='bbox 152 4194 187 4246; x_wconf 87' lang='grc'><strong>24</strong></span> <span class='ocrx_word' id='word_1_351' title='bbox 206 4192 301 4246; x_wconf 87' lang='lat' dir='ltr'><strong>effudit</strong></span> <span class='ocrx_word' id='word_1_352' title='bbox 324 4193 354 4246; x_wconf 78' lang='lat' dir='ltr'><strong>T¹</strong></span> <span class='ocrx_word' id='word_1_353' title='bbox 373 4192 401 4263; x_wconf 83' lang='lat' dir='ltr'><strong>(d</strong></span> <span class='ocrx_word' id='word_1_354' title='bbox 421 4198 500 4260; x_wconf 82' lang='lat' dir='ltr'><strong>erog)</strong></span> <span class='ocrx_word' id='word_1_355' title='bbox 523 4192 554 4245; x_wconf 91' lang='lat' dir='ltr'><em>N</em></span> <span class='ocrx_word' id='word_1_356' title='bbox 625 4193 795 4262; x_wconf 84' lang='lat' dir='ltr'><strong>peperitque]</strong></span> <span class='ocrx_word' id='word_1_357' title='bbox 814 4194 920 4263; x_wconf 89' lang='lat' dir='ltr'><strong>peperit</strong></span> <span class='ocrx_word' id='word_1_358' title='bbox 940 4198 967 4247; x_wconf 84' lang='lat' dir='ltr'><strong>et</strong></span> <span class='ocrx_word' id='word_1_359' title='bbox 984 4193 1018 4247; x_wconf 91' lang='lat' dir='ltr'><strong><em>N</em></strong></span> 
     </span>
    </p>
   </div>
   <div class='ocr_carea' id='block_1_8' title="bbox 0 0 1512 4666">
    <p class='ocr_par' dir='ltr' id='par_1_10' title="bbox 0 0 1512 4666">
     <span class='ocr_line' id='line_1_36' title="bbox 0 0 1512 4666; baseline 0 0"><span class='ocrx_word' id='word_1_360' title='bbox 0 0 1512 4666; x_wconf 95' lang='lat' dir='ltr'><strong> </strong></span> 
     </span>
    </p>
   </div>
  </div>
 </body>
</html>
