3008 4666
194 247 266 312 440
673 245 869 297 Ambrosia

199 441 282 522 quod
312 460 372 504 uon
401 444 456 504 aut
483 441 590 521 plures
620 444 675 503 aut
702 440 867 521 pauciores
896 439 1075 520 interpositi
1099 439 1265 516 emidius,
1290 439 1346 503 sed

198 552 248 612 tot
272 550 348 628 quot
371 547 402 609 in
428 547 656 611 constitutione
680 546 791 610 mundi
814 547 949 610 fuerunt.
975 566 1028 610 ser
1049 546 1133 609 enim
1153 545 1264 610 diebus
1282 549 1347 608 fao-

199 659 253 718 tus
282 657 331 718 est
357 653 508 730 mundun
541 654 713 736 septimo
743 653 805 716 die
833 653 1046 734 requieuit
1069 652 1166 716 deus
1192 653 1236 716 ab
1262 671 1346 734 ope-

199 761 313 824 ribus
342 760 438 823 snis.
468 780 529 841 quo
559 759 732 823 declarauit
760 760 877 823 indicio
902 760 1008 841 ipsum
1033 779 1066 823 se
1091 778 1161 822 esse
1185 762 1347 823 auctorem

199 865 309 928 mundi
333 869 428 946 atque
453 866 577 929 diluuii.
603 866 757 929 mundum
781 871 908 947 propter
931 866 1104 929 bonitatem
1131 885 1222 928 suam
1241 865 1346 929 condi-
1381 885 1393 922 ⁵

199 971 257 1048 dit,
273 973 430 1036 diluuium
449 973 526 1035 feeit
543 976 723 1036 nostrorum
743 972 855 1035 merito
877 972 1075 1036 delictorum.
1100 972 1253 1035 admoniti
1273 979 1349 1036 sunt

198 1079 298 1162 igitur
329 1080 473 1143 homiues
506 1079 560 1144 uel
592 1099 628 1143 er
660 1098 789 1142 numero
824 1079 955 1143 dierum.
990 1079 1105 1160 quibus
1133 1079 1270 1142 mundus
1299 1083 1349 1142 est
1410 1089 1431 1141 F

199 1186 358 1263 conditus,
384 1186 468 1267 quod
492 1185 685 1249 conditorem
712 1206 806 1249 suurn
831 1205 890 1250 non
916 1186 1058 1250 lacrimis
1087 1187 1192 1250 solum
1221 1188 1253 1248 et
1279 1205 1348 1267 pre·

199 1292 332 1369 catione,
363 1293 418 1355 sed
447 1293 640 1356 correctione
669 1312 792 1356 morum
821 1289 1033 1356 reconciliare
1056 1292 1237 1357 debuerant.
1272 1312 1347 1376 ergo

200 1398 339 1478 spatium
354 1397 442 1461 dedit
456 1396 495 1460 ad
514 1398 740 1479 paenitentiam
762 1397 909 1461 dominus
929 1399 1032 1481 magis
1052 1400 1163 1462 uolens
1182 1398 1347 1482 ignoscere
1369 1419 1391 1456 ιο

200 1522 294 1584 quarn
319 1503 439 1585 punire,
464 1506 501 1566 nt
523 1504 719 1567 imminentis
745 1504 859 1567 diluuii
883 1508 1000 1568 terrore
1025 1523 1197 1587 suspensos
1226 1505 1266 1568 ad
1293 1524 1348 1569 ue-

200 1610 284 1673 niam
308 1613 436 1692 cogeret
458 1611 691 1692 postulandam.
716 1631 778 1692 quo
803 1612 878 1675 dum
898 1611 1074 1693 periculum
1092 1611 1217 1675 futurae
1236 1612 1348 1676 mortis

199 1717 395 1781 horrescunt.
420 1717 565 1798 inpietati
589 1722 683 1799 atque
707 1717 884 1781 iniustitiae
914 1719 1138 1783 renuntiarent.
1172 1719 1349 1783 seeundum

200 1827 259 1900 est,
287 1828 325 1887 ut
352 1824 424 1887 lrinc
455 1842 579 1905 quoque
609 1824 728 1887 domini
757 1824 1011 1905 supramodum
1039 1824 1253 1888 misericordis
1287 1825 1349 1888 cle-

198 1931 357 1994 mentiam
381 1931 580 2013 colligamua
612 1931 685 2012 quia
712 1931 886 1995 multorum
916 1950 1068 1994 annorum
1102 1931 1307 1994 offensionem
1331 1949 1394 1994 aaa

118 2031 119 2034 ’
199 2037 427 2100 constitutione
451 2036 559 2099 mundi
580 2036 610 2099 in
630 2037 724 2100 finem
748 2056 849 2118 usque
874 2039 1066 2101 contractam
1090 2037 1200 2118 paucis
1226 2037 1348 2111 diebus,

202 2144 228 2205 si
261 2144 472 2225 paenituisset
508 2161 571 2220 eoo,
606 2144 711 2206 uoluit
742 2143 890 2206 relaxare.
924 2147 974 2206 est
1006 2144 1089 2206 enim
1120 2143 1197 2207 deus
1225 2144 1349 2225 peccati
1394 2147 1480 2198 alla

199 2250 366 2327 inmemor,
400 2249 530 2313 uirtutis
562 2252 787 2326 remunerator,
822 2250 907 2314 sieut
939 2250 984 2313 ait
1014 2250 1083 2331 ipse
1114 2250 1146 2312 in
1179 2250 1345 2332 propheta:

201 2375 273 2438 ego
304 2375 398 2432 sum,
430 2374 501 2437 ego
527 2374 611 2418 sum
636 2356 702 2437 qu'i
727 2357 841 2420 deleo
865 2355 1114 2436 iniquitates
1139 2358 1178 2419 et
1200 2375 1347 2420 memor

200 2481 276 2525 non
302 2480 377 2526 ero.
407 2466 450 2525 tu
479 2466 610 2525 autern
639 2481 785 2527 memor
814 2467 900 2526 esto
936 2466 975 2525 et
1005 2462 1249 2533 iudicemur3
1284 2461 1348 2526 dio
1368 2480 1394 2518 so

199 2568 455 2650 iniquitates
479 2572 582 2645 tuac,
608 2572 650 2632 ut
673 2569 937 2633 iustificeris.
972 2588 1044 2632 oum
1069 2569 1350 2633 animaduerterit

202 2694 309 2739 ueram
334 2677 454 2740 animae
477 2676 616 2739 refusam
641 2696 711 2740 esse
738 2676 901 2754 uirtutem,
931 2680 1053 2740 tanturn
1084 2675 1113 2738 ei
1140 2675 1268 2740 honoris
1298 2676 1350 2740 ad·

201 2782 325 2858 tribuit,
354 2786 391 2846 ut
423 2801 483 2846 non
518 2785 623 2847 solum
657 2783 781 2846 neniam
815 2783 1013 2864 superiorum
1045 2781 1210 2865 indulgeat
1241 2801 1351 2864 pecea-

199 2892 317 2965 torum‚
344 2909 455 2953 uerum
486 2890 582 2953 etiam
611 2890 744 2973 gratiam
774 2893 805 2953 et
833 2889 1076 2954 iustificationes
1108 2889 1267 2970 inpertiat.
1302 2907 1350 2951 er·
1400 2929 1402 2933 -

199 2996 342 3076 peotauit
363 3015 437 3079 ergo
459 2999 491 3059 et
510 2997 646 3078 septimo
667 2997 727 3074 die,
747 2997 817 3077 ipso
838 3016 899 3078 quo
921 2996 958 3060 ab
980 2996 1160 3076 operatione
1178 2994 1347 3075 requieuit
1366 3009 1393 3049 2⁵
1411 2989 1433 3042 Β

200 3105 238 3164 ut
261 3101 289 3164 si
313 3102 406 3165 uenia
425 3106 617 3183 posceretur,
639 3106 824 3185 sequeretur
843 3103 1006 3180 correctio,
1027 3106 1059 3166 et
1077 3103 1115 3166 ab
1134 3100 1350 3183 indignatione
1387 3086 1396 3102 ’

201 3208 425 3289 requiesceret.

156 3316 200 3380 43
247 3314 333 3377 Illud
361 3333 487 3396 quoque
516 3333 607 3378 curae
636 3315 699 3378 fuit
726 3334 787 3379 non
815 3314 1067 3397 praetermittere
1096 3333 1132 3378 eo
1162 3313 1246 3394 quod
1270 3313 1350 3376 dilu-

204 3420 293 3483 uium
332 3420 453 3484 factum
491 3420 603 3484 dixerit
641 3420 913 3503 quadraginta
951 3420 1094 3484 diebus
1131 3422 1163 3483 et
1195 3418 1352 3482 addiderit

294 3645 309 3696 3
331 3641 398 3696 Gen,
418 3645 442 3708 2,
463 3645 479 3696 2
536 3644 568 3696 19
588 3643 660 3695 Esai.
680 3644 723 3707 43,
744 3645 777 3696 25
798 3660 837 3711 sq.
893 3644 927 3696 29
948 3641 1014 3696 Gen.
1036 3645 1060 3708 i,
1081 3645 1114 3696 12

240 3785 385 3838 lsnntB
449 3786 529 3840 3die
550 3787 647 3842 oru.B
720 3773 772 3838 dm
789 3786 816 3838 P
835 3790 862 3842 tn
883 3783 999 3852 exp.)B
1062 3784 1352 3856 4sdeclarauitP(d

203 3874 322 3939 torna.)
379 3891 407 3926 se
428 3891 479 3927 om.
503 3875 559 3928 TN
601 3875 810 3944 8praecatione
830 3874 857 3925 P
904 3873 1135 3926 marmorala
1180 3875 1212 3927 17
1227 3874 1316 3927 uoluit
1331 3876 1355 3926 P

205 3963 323 4031 (ieron)
380 3963 412 4016 18
432 3965 490 4032 ipse
511 3965 549 4016 ait
568 3964 600 4015 N
650 3962 994 4032 raalr.og0sunrom.13
1067 3961 1205 4015 deleboB
1254 3965 1286 4016 21
1304 3964 1352 4016 ad·

203 4052 288 4105 uertit
307 4053 333 4103 B
388 4054 423 4105 22
444 4054 468 4105 ei
487 4053 514 4104 P
533 4053 553 4119 (i
572 4054 603 4106 in
621 4070 678 4107 rus.
700 4056 758 4106 eat
776 4056 833 4121 ow)
913 4051 1023 4104 honoris
1044 4051 1064 4118 (i
1084 4068 1117 4105 ex
1136 4056 1160 4116 e)
1180 4051 1207 4104 P
1260 4053 1294 4105 29
1313 4069 1352 4120 eq.

206 4142 268 4195 ‘XL‘
290 4142 345 4194 PT
