3008 4666
210 272 253 336 80
675 272 873 325 Ambrosii

212 464 296 528 dum
338 484 454 548 genus
496 468 532 528 et
573 465 778 530 secundum
821 464 1122 530 similitudinem.
1162 463 1354 528 seminemus

210 569 309 654 igitur
332 589 440 634 semen
464 570 638 635 secundum
664 589 774 653 genus.
800 570 883 652 quod
908 570 951 633 sit
975 588 1074 653 genus
1099 569 1172 632 audi
1198 568 1354 632 dicentem

212 679 353 759 oportere
368 695 425 741 nos
442 696 589 758 quaerere
602 676 683 740 illud
703 676 857 752 diuinum,
879 677 907 740 si
926 695 987 758 quo
1007 676 1100 740 modo
1120 675 1201 739 illud
1219 679 1354 740 tractare

210 784 372 867 possimus
402 789 457 848 aut
485 783 635 861 inuenire,
665 784 837 866 quamuis
876 803 945 848 non
974 785 1084 866 longe
1114 783 1165 846 sit
1193 783 1235 846 ab
1268 802 1354 847 uno·

212 910 359 975 quoque
387 895 569 956 nostrum.
596 891 632 954 in
661 891 744 973 ipso
775 890 871 954 enim
898 889 1065 955 uiuimus
1096 892 1132 953 et
1160 909 1288 954 sumus
1318 892 1353 953 et
1383 914 1395 952 a

211 1016 413 1074 mouemur‚
456 998 559 1062 31331
600 997 749 1079 quidam
795 997 899 1079 inquit
944 999 1113 1062 uestrum
1160 996 1351 1061 dixerunt:

210 1105 318 1169 euius
353 1107 389 1169 31
423 1124 539 1188 genus
568 1124 708 1172 sumus,
739 1106 912 1170 seeundum
940 1107 1001 1169 hoc
1030 1123 1130 1189 genus
1160 1104 1352 1168 seminemus
1420 1114 1443 1166 Β

211 1228 317 1274 semen
345 1229 407 1274 non
436 1210 467 1274 in
497 1229 597 1288 carne,
628 1211 684 1274 sed
712 1211 743 1274 in
773 1211 896 1293 spiritu.
925 1229 986 1274 non
1016 1210 1099 1274 enirn
1127 1210 1273 1287 carnalia,
1298 1209 1353 1274 sed

211 1316 366 1398 spiritalia
394 1316 516 1380 semina
545 1317 699 1381 seminare
730 1317 892 1395 debemur,
921 1317 975 1398 qui
1004 1317 1043 1380 ad
1065 1317 1164 1381 uitam
1188 1316 1353 1398 peruenire

210 1423 360 1486 uolumus
376 1425 545 1486 aeternam.
564 1442 644 1504 quae
659 1423 702 1486 sit
716 1426 822 1487 autem
839 1421 1014 1486 similitudo
1029 1441 1089 1486 non
1101 1422 1238 1506 ignoras,
1249 1423 1303 1503 qui
1315 1423 1354 1486 ad
1375 1445 1398 1483 ιο

210 1527 381 1611 imaginem
397 1531 428 1591 et
442 1528 684 1592 similitudinem
701 1529 750 1592 dei
764 1530 867 1593 factus
885 1547 928 1593 es.
945 1528 1041 1591 herba
1060 1528 1166 1611 generi
1185 1528 1355 1611 respondet

211 1652 284 1698 suo:
310 1636 346 1697 tu
379 1652 440 1697 non
473 1634 645 1716 respondes
679 1634 785 1716 generi
817 1637 884 1700 tuo.
917 1634 1015 1698 tritici
1048 1654 1180 1719 granum
1208 1654 1354 1717 sparsum

210 1743 311 1804 terrae
349 1739 471 1822 generis
508 1739 558 1804 sui
592 1740 724 1823 gratiam
757 1741 874 1805 reddit:
900 1744 932 1804 et
963 1745 999 1805 tu
1032 1742 1214 1825 degeneras.
1246 1741 1353 1824 fruges

211 1866 272 1910 non
305 1846 482 1910 adulterant
515 1846 565 1910 331
598 1846 810 1912 sinceritatem
840 1848 988 1912 seminis:
1018 1852 1054 1912 tu
1083 1848 1242 1912 adulteras
1270 1847 1355 1928 puri·

142 1953 186 2018 32
210 1956 310 2017 tatem
353 1953 485 2028 animae,
528 1953 671 2037 uigorem
714 1954 840 2031 ruentia,
884 1955 1022 2037 corporis
1066 1955 1159 2019 castit
1178 1958 1255 2018 tem.
1292 1974 1354 2018 non
1374 1956 1443 2012 30

211 2059 358 2143 agnoscis
396 2079 475 2139 opus
513 2079 582 2124 esse
620 2063 651 2123 te
689 2058 832 2124 Christi?
868 2062 1015 2125 manibus
1053 2060 1120 2125 suis
1153 2064 1190 2124 ut
1219 2060 1354 2143 legimus

210 2167 242 2228 te
278 2165 332 2229 1113
370 2165 539 2229 formauit:
585 2169 617 2229 et
658 2168 704 2243 13,
746 2166 921 2246 Manichee‚
964 2168 1098 2232 alterum
1133 2166 1193 2230 tibi
1226 2165 1355 2230 asciscis

212 2274 384 2335 auctorem.
408 2275 498 2352 pater
527 2271 604 2336 deus
635 2272 713 2337 dicit
741 2273 780 2337 ad
807 2273 928 2338 filium:
956 2274 1140 2338 faciamus
1171 2273 1355 2337 hominem

212 2377 255 2440 ad
274 2377 475 2461 imaginem
492 2378 837 2444 et‘similitudinem
852 2383 1031 2446 nostram:
1050 2383 1142 2458 3113,
1157 2378 1354 2455 Photiniane,

212 2483 290 2548 dicis
324 2484 398 2565 quia
429 2485 461 2547 13
495 2485 721 2551 3333111311333
753 2487 864 2551 mundi
893 2488 995 2552 adhuc
1023 2507 1084 2551 non
1114 2489 1180 2550 erat
1208 2485 1354 2550 Christus
1373 2507 1398 2545 20

213 2594 245 2655 et
276 2593 323 2669 tu,
347 2592 544 2656 Eunomiane
584 2592 663 2658 dicis
694 2594 767 2675 quia
791 2594 958 2659 dissimilis
983 2599 1033 2659 331
1056 2595 1138 2676 patri
1161 2594 1257 2658 filius.
1281 2613 1355 2657 nam

212 2697 239 2760 31
262 2697 378 2782 imago,
403 2717 464 2762 non
488 2698 654 2764 dissimilis
678 2700 801 2782 utique,
827 2701 882 2765 sed
904 2704 1010 2765 totum
1029 2700 1202 2782 exprimens
1221 2703 1353 2781 patrem,

212 2822 305 2884 quem
339 2807 429 2887 pater
466 2806 662 2871 substantiae
700 2826 776 2872 suae
812 2809 934 2872 unitate
972 2808 1123 2892 signauit.
1155 2810 1245 2889 pater
1277 2806 1356 2871 dicit
1418 2823 1442 2875 D

211 2909 415 2975 faciamus:
441 2915 472 2975 et
495 2915 531 2976 tu
556 2917 791 2995 cooperatorem
815 2933 922 2997 negas.
948 2914 1033 2996 quod
1057 2914 1135 2977 dixit
1156 2916 1246 2995 pater
1268 2912 1353 2977 filius

210 3015 305 3080 fecit:
331 3019 363 3080 et
385 3019 422 3080 tu
446 3019 610 3100 aequalem
634 3039 741 3103 negas,
764 3019 796 3083 in
821 3039 882 3102 quo
907 3020 1087 3102 conplacuit
1109 3023 1206 3102 pater.
1373 3037 1399 3076 2⁵

116 3121 210 3204 &33
258 3121 453 3187 Germinet
471 3124 576 3206 inquit
594 3128 694 3189 terra
713 3126 864 3190 herbam
884 3127 985 3190 faeni
1005 3126 1207 3191 secundum
1225 3145 1352 3210 genus

209 3227 241 3290 in
276 3229 421 3293 omnibus
455 3249 534 3312 quae
569 3231 716 3296 dicuntur
743 3233 905 3297 nascentia
931 3236 1032 3297 terrae
1059 3233 1197 3314 primum
1225 3252 1353 3316 germen

211 3336 269 3400 est.
303 3335 358 3399 ubi
391 3354 424 3399 33
455 3337 622 3418 paululum
655 3338 831 3415 sustulerit,
865 3339 901 3403 fit
933 3339 1037 3417 herba,
1071 3342 1183 3422 postea
1214 3339 1351 3414 faenum,

300 3577 570 3649 3133133133.
641 3581 814 3645 810339,
836 3582 865 3635 11
928 3581 961 3635 18
980 3581 1046 3636 Gen.
1068 3583 1092 3649 l,
1111 3582 1145 3636 26
1200 3581 1235 3634 25
1253 3582 1350 3634 Matth.

211 3665 288 3726 3,17
344 3666 378 3720 26
397 3666 459 3720 Β33.
482 3668 642 3740 10οΒ(42
660 3670 694 3737 Β)

246 3817 400 3869 63331333
418 3818 508 3886 inquit
526 3818 559 3872 N
602 3820 617 3872 9
638 3820 742 3873 semina
760 3837 811 3874 oca.
830 3821 868 3884 N,
883 3822 953 3888 fort.
973 3828 1042 3876 reete
1090 3822 1122 3875 10
1142 3839 1210 3892 quae
1230 3826 1272 3876 est
1285 3794 1351 3874 id‘B

246 3904 309 3972 quia
322 3904 382 3958 MS
399 3913 424 3960 ct
443 3911 470 3973 (a
488 3923 508 3961 s.
523 3909 605 3974 3.)Β
644 3912 676 3963 15
696 3908 852 3979 corporisC
869 3911 1093 3979 (3333333333)
1148 3909 1350 3980 potestatemss

213 3993 244 4044 17
263 3995 291 4044 13
312 3996 370 4059 (332
388 4011 420 4048 ex
439 3999 476 4062 et)
497 3996 535 4048 M
551 4000 578 4049 31
599 3997 682 4051 Cara.
702 3998 769 4051 Diu.
826 4001 934 4051 asciscis
956 3999 1038 4053 OGV
1054 4000 1161 4053 urciscis
1180 4001 1208 4052 P
1224 3999 1351 4052 adsciscis

210 4086 257 4133 eet.
350 4083 382 4135 19
400 4083 532 4137 fotiniane
552 4086 617 4138 ltere·
706 4087 740 4139 22
759 4090 848 4141 totum
867 4105 900 4141 ear
917 4091 976 4141 toto
995 4089 1061 4142 an
1156 4089 1190 4141 26
1209 4089 1354 4142 terramC

209 4171 248 4232 (m
268 4173 348 4235 eras.)
