<?xml version="1.0" encoding="UTF-8"?>
<!DOCTYPE html PUBLIC "-//W3C//DTD XHTML 1.0 Transitional//EN"
    "http://www.w3.org/TR/xhtml1/DTD/xhtml1-transitional.dtd">
<html xmlns="http://www.w3.org/1999/xhtml" xml:lang="en" lang="en">
 <head>
  <title>
</title>
<meta http-equiv="Content-Type" content="text/html;charset=utf-8" />
  <meta name='ocr-system' content='tesseract 3.04.00' />
  <meta name='ocr-capabilities' content='ocr_page ocr_carea ocr_par ocr_line ocrx_word'/>
</head>
<body>
  <div class='ocr_page' id='page_1' title='image "./sanctiambrosiio00ambrgoog_0469.png"; bbox 0 0 3008 4666; ppageno 0'>
   <div class='ocr_carea' id='block_1_1' title="bbox 210 236 882 304">
    <p class='ocr_par' dir='ltr' id='par_1_1' title="bbox 210 236 882 304">
     <span class='ocr_line' id='line_1_1' title="bbox 210 236 882 304; baseline -0.004 -12"><span class='ocrx_word' id='word_1_1' title='bbox 210 242 275 304; x_wconf 77' lang='lat'>454</span> <span class='ocrx_word' id='word_1_2' title='bbox 684 236 882 290; x_wconf 78' lang='lat' dir='ltr'>Ambrosii</span> 
     </span>
    </p>
   </div>
   <div class='ocr_carea' id='block_1_2' title="bbox 98 429 1501 2860">
    <p class='ocr_par' dir='ltr' id='par_1_2' title="bbox 98 429 1501 1474">
     <span class='ocr_line' id='line_1_2' title="bbox 209 429 1353 505; baseline 0.003 -11"><span class='ocrx_word' id='word_1_3' title='bbox 209 434 312 505; x_wconf 80' lang='lat' dir='ltr'>tate,</span> <span class='ocrx_word' id='word_1_4' title='bbox 355 433 568 494; x_wconf 89' lang='lat' dir='ltr'>auertente</span> <span class='ocrx_word' id='word_1_5' title='bbox 612 433 745 494; x_wconf 90' lang='lat' dir='ltr'>autem</span> <span class='ocrx_word' id='word_1_6' title='bbox 792 433 830 494; x_wconf 90' lang='lat' dir='ltr'>te</span> <span class='ocrx_word' id='word_1_7' title='bbox 876 429 1021 493; x_wconf 88' lang='lat' dir='ltr'>faciem</span> <span class='ocrx_word' id='word_1_8' title='bbox 1068 431 1353 497; x_wconf 86' lang='lat' dir='ltr'>tnrbabuntur.</span> 
     </span>
     <span class='ocr_line' id='line_1_3' title="bbox 210 536 1355 619; baseline 0 -19"><span class='ocrx_word' id='word_1_9' title='bbox 210 537 372 601; x_wconf 89' lang='lat' dir='ltr'>auferes</span> <span class='ocrx_word' id='word_1_10' title='bbox 412 537 605 618; x_wconf 88' lang='lat' dir='ltr'>spiritum</span> <span class='ocrx_word' id='word_1_11' title='bbox 639 557 793 614; x_wconf 78' lang='lat' dir='ltr'>eorum,</span> <span class='ocrx_word' id='word_1_12' title='bbox 828 540 867 600; x_wconf 93' lang='lat' dir='ltr'>et</span> <span class='ocrx_word' id='word_1_13' title='bbox 899 536 1100 600; x_wconf 79' lang='lat' dir='ltr'>deficient</span> <span class='ocrx_word' id='word_1_14' title='bbox 1132 539 1171 600; x_wconf 89' lang='lat' dir='ltr'>et</span> <span class='ocrx_word' id='word_1_15' title='bbox 1202 537 1240 600; x_wconf 92' lang='lat' dir='ltr'>in</span> <span class='ocrx_word' id='word_1_16' title='bbox 1273 537 1355 619; x_wconf 92' lang='lat' dir='ltr'>pul-</span> 
     </span>
     <span class='ocr_line' id='line_1_4' title="bbox 209 643 1354 726; baseline -0.001 -18"><span class='ocrx_word' id='word_1_17' title='bbox 209 664 343 708; x_wconf 91' lang='lat' dir='ltr'>uerem</span> <span class='ocrx_word' id='word_1_18' title='bbox 364 664 476 708; x_wconf 85' lang='lat' dir='ltr'>suurn</span> <span class='ocrx_word' id='word_1_19' title='bbox 498 646 804 708; x_wconf 88' lang='lat' dir='ltr'>conuertentur.</span> <span class='ocrx_word' id='word_1_20' title='bbox 830 644 995 707; x_wconf 77' lang='lat' dir='ltr'><strong>emittes</strong></span> <span class='ocrx_word' id='word_1_21' title='bbox 1020 643 1212 726; x_wconf 92' lang='lat' dir='ltr'>spiritum</span> <span class='ocrx_word' id='word_1_22' title='bbox 1232 647 1354 720; x_wconf 82' lang='lat' dir='ltr'>tuum,</span> 
     </span>
     <span class='ocr_line' id='line_1_5' title="bbox 209 748 1354 834; baseline 0.002 -21"><span class='ocrx_word' id='word_1_23' title='bbox 209 753 249 813; x_wconf 92' lang='lat' dir='ltr'>et</span> <span class='ocrx_word' id='word_1_24' title='bbox 273 752 532 826; x_wconf 83' lang='lat' dir='ltr'>creabuntur,</span> <span class='ocrx_word' id='word_1_25' title='bbox 558 755 597 814; x_wconf 91' lang='lat' dir='ltr'>et</span> <span class='ocrx_word' id='word_1_26' title='bbox 619 750 839 815; x_wconf 86' lang='lat' dir='ltr'>renouabis</span> <span class='ocrx_word' id='word_1_27' title='bbox 864 750 1007 813; x_wconf 83' lang='lat' dir='ltr'>faciem</span> <span class='ocrx_word' id='word_1_28' title='bbox 1031 748 1174 815; x_wconf 85' lang='lat' dir='ltr'>terrae.</span> <span class='ocrx_word' id='word_1_29' title='bbox 1208 754 1257 814; x_wconf 92' lang='lat' dir='ltr'>est</span> <span class='ocrx_word' id='word_1_30' title='bbox 1281 771 1354 834; x_wconf 90' lang='lat' dir='ltr'>ergo</span> 
     </span>
     <span class='ocr_line' id='line_1_6' title="bbox 209 857 1399 939; baseline 0.002 -20"><span class='ocrx_word' id='word_1_31' title='bbox 209 857 352 938; x_wconf 80' lang='lat' dir='ltr'>spiritus,</span> <span class='ocrx_word' id='word_1_32' title='bbox 386 858 477 921; x_wconf 90' lang='lat' dir='ltr'>cuius</span> <span class='ocrx_word' id='word_1_33' title='bbox 511 857 684 939; x_wconf 90' lang='lat' dir='ltr'>operationi</span> <span class='ocrx_word' id='word_1_34' title='bbox 714 857 821 921; x_wconf 79' lang='lat' dir='ltr'>cedere</span> <span class='ocrx_word' id='word_1_35' title='bbox 850 857 998 920; x_wconf 92' lang='lat' dir='ltr'>uniuersa</span> <span class='ocrx_word' id='word_1_36' title='bbox 1026 857 1204 934; x_wconf 79' lang='lat' dir='ltr'>uideantur,</span> <span class='ocrx_word' id='word_1_37' title='bbox 1233 858 1264 920; x_wconf 94' lang='lat' dir='ltr'>in</span> <span class='ocrx_word' id='word_1_38' title='bbox 1293 877 1355 939; x_wconf 91' lang='lat' dir='ltr'>quo</span> <span class='ocrx_word' id='word_1_39' title='bbox 1386 876 1399 914; x_wconf 81' lang='lat'>⁵</span> 
     </span>
     <span class='ocr_line' id='line_1_7' title="bbox 209 964 1355 1045; baseline 0 -19"><span class='ocrx_word' id='word_1_40' title='bbox 209 964 287 1027; x_wconf 88' lang='lat' dir='ltr'>caeli</span> <span class='ocrx_word' id='word_1_41' title='bbox 311 964 413 1045; x_wconf 89' lang='lat' dir='ltr'>ipsius</span> <span class='ocrx_word' id='word_1_42' title='bbox 442 965 545 1028; x_wconf 89' lang='lat' dir='ltr'>uirtus</span> <span class='ocrx_word' id='word_1_43' title='bbox 575 965 627 1041; x_wconf 82' lang='lat' dir='ltr'>sir,</span> <span class='ocrx_word' id='word_1_44' title='bbox 656 965 741 1028; x_wconf 88' lang='lat' dir='ltr'>sicut</span> <span class='ocrx_word' id='word_1_45' title='bbox 768 964 922 1044; x_wconf 86' lang='lat' dir='ltr'>scriptum</span> <span class='ocrx_word' id='word_1_46' title='bbox 952 967 1014 1027; x_wconf 88' lang='lat' dir='ltr'>est:</span> <span class='ocrx_word' id='word_1_47' title='bbox 1048 965 1170 1028; x_wconf 89' lang='lat' dir='ltr'>uerbo</span> <span class='ocrx_word' id='word_1_48' title='bbox 1205 964 1355 1028; x_wconf 89' lang='lat' dir='ltr'>domini</span> 
     </span>
     <span class='ocr_line' id='line_1_8' title="bbox 209 1070 1354 1152; baseline 0.001 -19"><span class='ocrx_word' id='word_1_49' title='bbox 209 1070 315 1134; x_wconf 86' lang='lat' dir='ltr'>caeli</span> <span class='ocrx_word' id='word_1_50' title='bbox 335 1071 492 1134; x_wconf 85' lang='lat' dir='ltr'>firmati</span> <span class='ocrx_word' id='word_1_51' title='bbox 514 1073 607 1135; x_wconf 89' lang='lat' dir='ltr'>sunt</span> <span class='ocrx_word' id='word_1_52' title='bbox 626 1073 665 1134; x_wconf 89' lang='lat' dir='ltr'>et</span> <span class='ocrx_word' id='word_1_53' title='bbox 685 1070 837 1152; x_wconf 91' lang='lat' dir='ltr'>spiritu</span> <span class='ocrx_word' id='word_1_54' title='bbox 858 1070 940 1133; x_wconf 85' lang='lat' dir='ltr'>oris</span> <span class='ocrx_word' id='word_1_55' title='bbox 960 1071 1048 1133; x_wconf 92' lang='lat' dir='ltr'>eius</span> <span class='ocrx_word' id='word_1_56' title='bbox 1069 1070 1195 1134; x_wconf 89' lang='lat' dir='ltr'>omnis</span> <span class='ocrx_word' id='word_1_57' title='bbox 1218 1071 1354 1135; x_wconf 91' lang='lat' dir='ltr'>uirtus</span> 
     </span>
     <span class='ocr_line' id='line_1_9' title="bbox 210 1176 1353 1259; baseline 0.001 -20"><span class='ocrx_word' id='word_1_58' title='bbox 210 1196 354 1241; x_wconf 92' lang='lat' dir='ltr'>eornm.</span> <span class='ocrx_word' id='word_1_59' title='bbox 380 1177 434 1258; x_wconf 84' lang='lat' dir='ltr'>qui</span> <span class='ocrx_word' id='word_1_60' title='bbox 458 1177 588 1259; x_wconf 89' lang='lat' dir='ltr'>spiritus</span> <span class='ocrx_word' id='word_1_61' title='bbox 614 1179 663 1240; x_wconf 93' lang='lat' dir='ltr'>est</span> <span class='ocrx_word' id='word_1_62' title='bbox 686 1180 807 1240; x_wconf 90' lang='lat' dir='ltr'>creator</span> <span class='ocrx_word' id='word_1_63' title='bbox 825 1176 1058 1253; x_wconf 84' lang='lat' dir='ltr'>uniuersorum,</span> <span class='ocrx_word' id='word_1_64' title='bbox 1079 1177 1163 1240; x_wconf 87' lang='lat' dir='ltr'>sicut</span> <span class='ocrx_word' id='word_1_65' title='bbox 1181 1177 1277 1241; x_wconf 88' lang='lat' dir='ltr'>etiam</span> <span class='ocrx_word' id='word_1_66' title='bbox 1297 1177 1353 1241; x_wconf 92' lang='lat' dir='ltr'>lob</span> 
     </span>
     <span class='ocr_line' id='line_1_10' title="bbox 210 1282 1010 1365; baseline 0.004 -21"><span class='ocrx_word' id='word_1_67' title='bbox 210 1282 304 1346; x_wconf 86' lang='lat' dir='ltr'>dicit:</span> <span class='ocrx_word' id='word_1_68' title='bbox 330 1283 508 1365; x_wconf 88' lang='lat' dir='ltr'>spiritus</span> <span class='ocrx_word' id='word_1_69' title='bbox 533 1283 700 1347; x_wconf 89' lang='lat' dir='ltr'>diuinus</span> <span class='ocrx_word' id='word_1_70' title='bbox 726 1283 792 1364; x_wconf 88' lang='lat' dir='ltr'>qui</span> <span class='ocrx_word' id='word_1_71' title='bbox 817 1283 920 1347; x_wconf 90' lang='lat' dir='ltr'>fecit</span> <span class='ocrx_word' id='word_1_72' title='bbox 943 1303 1010 1347; x_wconf 85' lang='lat' dir='ltr'>mc.</span> 
     </span>
     <span class='ocr_line' id='line_1_11' title="bbox 98 1379 1501 1474; baseline 0.001 -22"><span class='ocrx_word' id='word_1_73' title='bbox 98 1379 152 1461; x_wconf 73' lang='grc'><strong>17,</strong></span> <span class='ocrx_word' id='word_1_74' title='bbox 165 1380 206 1443; x_wconf 84' lang='grc'>59</span> <span class='ocrx_word' id='word_1_75' title='bbox 253 1388 344 1452; x_wconf 91' lang='lat' dir='ltr'>Nunc</span> <span class='ocrx_word' id='word_1_76' title='bbox 373 1389 608 1454; x_wconf 79' lang='lat' dir='ltr'>consideremus</span> <span class='ocrx_word' id='word_1_77' title='bbox 638 1390 714 1472; x_wconf 92' lang='lat' dir='ltr'>quid</span> <span class='ocrx_word' id='word_1_78' title='bbox 746 1390 789 1453; x_wconf 91' lang='lat' dir='ltr'>sit</span> <span class='ocrx_word' id='word_1_79' title='bbox 822 1380 905 1471; x_wconf 83' lang='lat' dir='ltr'>qdod</span> <span class='ocrx_word' id='word_1_80' title='bbox 938 1390 983 1453; x_wconf 88' lang='lat' dir='ltr'>ait</span> <span class='ocrx_word' id='word_1_81' title='bbox 1015 1390 1186 1474; x_wconf 88' lang='lat' dir='ltr'>scriptura:</span> <span class='ocrx_word' id='word_1_82' title='bbox 1220 1392 1354 1456; x_wconf 86' lang='lat' dir='ltr'>clausi</span> <span class='ocrx_word' id='word_1_83' title='bbox 1374 1409 1398 1446; x_wconf 89' lang='lat'>10</span> <span class='ocrx_word' id='word_1_84' title='bbox 1418 1393 1501 1447; x_wconf 71' lang='grc'>2521</span> 
     </span>
    </p>

    <p class='ocr_par' dir='ltr' id='par_1_3' title="bbox 207 1496 1449 2112">
     <span class='ocr_line' id='line_1_12' title="bbox 210 1496 1354 1579; baseline 0.003 -21"><span class='ocrx_word' id='word_1_85' title='bbox 210 1500 302 1559; x_wconf 92' lang='lat' dir='ltr'>sunt</span> <span class='ocrx_word' id='word_1_86' title='bbox 347 1496 483 1560; x_wconf 81' lang='lat' dir='ltr'>fontes</span> <span class='ocrx_word' id='word_1_87' title='bbox 531 1515 721 1579; x_wconf 89' lang='lat' dir='ltr'>aquarum</span> <span class='ocrx_word' id='word_1_88' title='bbox 768 1499 806 1560; x_wconf 90' lang='lat' dir='ltr'>et</span> <span class='ocrx_word' id='word_1_89' title='bbox 852 1500 1087 1561; x_wconf 75' lang='lat' dir='ltr'>cataractae</span> <span class='ocrx_word' id='word_1_90' title='bbox 1135 1497 1249 1562; x_wconf 89' lang='lat' dir='ltr'>caeli.</span> <span class='ocrx_word' id='word_1_91' title='bbox 1297 1516 1354 1561; x_wconf 93' lang='lat' dir='ltr'>nec</span> 
     </span>
     <span class='ocr_line' id='line_1_13' title="bbox 209 1582 1355 1686; baseline 0.001 -20"><span class='ocrx_word' id='word_1_92' title='bbox 209 1604 378 1666; x_wconf 89' lang='lat' dir='ltr'>obscurum</span> <span class='ocrx_word' id='word_1_93' title='bbox 409 1603 549 1667; x_wconf 89' lang='lat' dir='ltr'>arbitror.</span> <span class='ocrx_word' id='word_1_94' title='bbox 578 1602 628 1667; x_wconf 86' lang='lat' dir='ltr'>hie</span> <span class='ocrx_word' id='word_1_95' title='bbox 658 1603 742 1667; x_wconf 90' lang='lat' dir='ltr'>enim</span> <span class='ocrx_word' id='word_1_96' title='bbox 770 1582 876 1668; x_wconf 84' lang='lat' dir='ltr'>causis</span> <span class='ocrx_word' id='word_1_97' title='bbox 904 1604 1058 1667; x_wconf 89' lang='lat' dir='ltr'>minuitur</span> <span class='ocrx_word' id='word_1_98' title='bbox 1086 1604 1253 1680; x_wconf 75' lang='lat' dir='ltr'>diluuium,</span> <span class='ocrx_word' id='word_1_99' title='bbox 1288 1605 1355 1686; x_wconf 92' lang='lat' dir='ltr'>qui-</span> 
     </span>
     <span class='ocr_line' id='line_1_14' title="bbox 209 1709 1356 1794; baseline 0.003 -21"><span class='ocrx_word' id='word_1_100' title='bbox 209 1709 269 1773; x_wconf 90' lang='lat' dir='ltr'>bus</span> <span class='ocrx_word' id='word_1_101' title='bbox 308 1710 418 1773; x_wconf 77' lang='lat' dir='ltr'>creuit.</span> <span class='ocrx_word' id='word_1_102' title='bbox 462 1711 565 1793; x_wconf 89' lang='lat' dir='ltr'>erupti</span> <span class='ocrx_word' id='word_1_103' title='bbox 603 1712 690 1774; x_wconf 91' lang='lat' dir='ltr'>erant</span> <span class='ocrx_word' id='word_1_104' title='bbox 726 1710 829 1775; x_wconf 89' lang='lat' dir='ltr'>fontes</span> <span class='ocrx_word' id='word_1_105' title='bbox 868 1730 1031 1792; x_wconf 81' lang='lat' dir='ltr'>aquarum</span> <span class='ocrx_word' id='word_1_106' title='bbox 1069 1714 1194 1794; x_wconf 89' lang='lat' dir='ltr'>apertae</span> <span class='ocrx_word' id='word_1_107' title='bbox 1231 1713 1356 1777; x_wconf 88' lang='lat' dir='ltr'>fuerant</span> 
     </span>
     <span class='ocr_line' id='line_1_15' title="bbox 209 1816 1354 1900; baseline 0.003 -21"><span class='ocrx_word' id='word_1_108' title='bbox 209 1819 383 1880; x_wconf 81' lang='lat' dir='ltr'>cataractae</span> <span class='ocrx_word' id='word_1_109' title='bbox 413 1816 502 1892; x_wconf 83' lang='lat' dir='ltr'>caeli,</span> <span class='ocrx_word' id='word_1_110' title='bbox 531 1819 568 1880; x_wconf 93' lang='lat' dir='ltr'>ut</span> <span class='ocrx_word' id='word_1_111' title='bbox 595 1817 734 1899; x_wconf 90' lang='lat' dir='ltr'>undique</span> <span class='ocrx_word' id='word_1_112' title='bbox 762 1817 967 1881; x_wconf 87' lang='lat' dir='ltr'>influentibus</span> <span class='ocrx_word' id='word_1_113' title='bbox 996 1818 1086 1900; x_wconf 89' lang='lat' dir='ltr'>aquis</span> <span class='ocrx_word' id='word_1_114' title='bbox 1114 1822 1197 1882; x_wconf 86' lang='lat' dir='ltr'>tona</span> <span class='ocrx_word' id='word_1_115' title='bbox 1223 1820 1354 1883; x_wconf 87' lang='lat' dir='ltr'>inunda-</span> 
     </span>
     <span class='ocr_line' id='line_1_16' title="bbox 207 1923 1449 2007; baseline 0.001 -22"><span class='ocrx_word' id='word_1_116' title='bbox 207 1928 303 1986; x_wconf 90' lang='lat' dir='ltr'>retur.</span> <span class='ocrx_word' id='word_1_117' title='bbox 329 1923 501 1987; x_wconf 88' lang='lat' dir='ltr'>debuerant</span> <span class='ocrx_word' id='word_1_118' title='bbox 524 1923 629 1987; x_wconf 88' lang='lat' dir='ltr'>claudi</span> <span class='ocrx_word' id='word_1_119' title='bbox 653 1943 690 1987; x_wconf 89' lang='lat' dir='ltr'>ea</span> <span class='ocrx_word' id='word_1_120' title='bbox 713 1943 748 1986; x_wconf 84' lang='lat' dir='ltr'>en</span> <span class='ocrx_word' id='word_1_121' title='bbox 772 1924 888 2006; x_wconf 92' lang='lat' dir='ltr'>quibus</span> <span class='ocrx_word' id='word_1_122' title='bbox 912 1924 1014 1988; x_wconf 90' lang='lat' dir='ltr'>dilnui</span> <span class='ocrx_word' id='word_1_123' title='bbox 1039 1925 1125 2007; x_wconf 91' lang='lat' dir='ltr'>origo</span> <span class='ocrx_word' id='word_1_124' title='bbox 1145 1925 1297 2002; x_wconf 83' lang='lat' dir='ltr'>manauit,</span> <span class='ocrx_word' id='word_1_125' title='bbox 1318 1928 1355 1989; x_wconf 92' lang='lat' dir='ltr'>ut</span> <span class='ocrx_word' id='word_1_126' title='bbox 1374 1940 1397 1979; x_wconf 80' lang='lat'>¹⁵</span> <span class='ocrx_word' id='word_1_127' title='bbox 1447 1983 1449 1986; x_wconf 19' lang='grc'><strong>1</strong></span> 
     </span>
     <span class='ocr_line' id='line_1_17' title="bbox 208 2030 1439 2112; baseline 0.001 -19"><span class='ocrx_word' id='word_1_128' title='bbox 208 2031 277 2093; x_wconf 93' lang='lat' dir='ltr'>eius</span> <span class='ocrx_word' id='word_1_129' title='bbox 302 2031 454 2112; x_wconf 89' lang='lat' dir='ltr'>inciperet</span> <span class='ocrx_word' id='word_1_130' title='bbox 478 2050 546 2094; x_wconf 91' lang='lat' dir='ltr'>esse</span> <span class='ocrx_word' id='word_1_131' title='bbox 571 2030 724 2094; x_wconf 86' lang='lat' dir='ltr'>defectus.</span> <span class='ocrx_word' id='word_1_132' title='bbox 748 2032 807 2094; x_wconf 94' lang='lat' dir='ltr'>hoc</span> <span class='ocrx_word' id='word_1_133' title='bbox 830 2030 938 2094; x_wconf 89' lang='lat' dir='ltr'>littera</span> <span class='ocrx_word' id='word_1_134' title='bbox 957 2034 1058 2111; x_wconf 81' lang='lat' dir='ltr'>sonat,</span> <span class='ocrx_word' id='word_1_135' title='bbox 1079 2031 1227 2095; x_wconf 89' lang='lat' dir='ltr'>subtilior</span> <span class='ocrx_word' id='word_1_136' title='bbox 1245 2034 1352 2095; x_wconf 90' lang='lat' dir='ltr'>autem</span> <span class='ocrx_word' id='word_1_137' title='bbox 1419 2032 1439 2087; x_wconf 83' lang='lat' dir='ltr'>C</span> 
     </span>
    </p>

    <p class='ocr_par' dir='ltr' id='par_1_4' title="bbox 178 2137 1399 2860">
     <span class='ocr_line' id='line_1_18' title="bbox 178 2137 1353 2219; baseline 0.001 -20"><span class='ocrx_word' id='word_1_138' title='bbox 178 2163 180 2167; x_wconf 43' lang='lat'><strong>¹</strong></span> <span class='ocrx_word' id='word_1_139' title='bbox 207 2137 426 2218; x_wconf 82' lang='lat' dir='ltr'>interpretatio</span> <span class='ocrx_word' id='word_1_140' title='bbox 452 2137 597 2218; x_wconf 82' lang='lat' dir='ltr'>exprimit</span> <span class='ocrx_word' id='word_1_141' title='bbox 621 2157 656 2201; x_wconf 94' lang='lat' dir='ltr'>eo</span> <span class='ocrx_word' id='word_1_142' title='bbox 682 2137 765 2219; x_wconf 89' lang='lat' dir='ltr'>quod</span> <span class='ocrx_word' id='word_1_143' title='bbox 794 2137 953 2201; x_wconf 88' lang='lat' dir='ltr'>diluuium</span> <span class='ocrx_word' id='word_1_144' title='bbox 980 2138 1100 2202; x_wconf 89' lang='lat' dir='ltr'>animae</span> <span class='ocrx_word' id='word_1_145' title='bbox 1129 2137 1208 2200; x_wconf 89' lang='lat' dir='ltr'>uitio</span> <span class='ocrx_word' id='word_1_146' title='bbox 1238 2138 1353 2201; x_wconf 91' lang='lat' dir='ltr'>mentis</span> 
     </span>
     <span class='ocr_line' id='line_1_19' title="bbox 209 2243 1353 2326; baseline 0.001 -20"><span class='ocrx_word' id='word_1_147' title='bbox 209 2247 242 2306; x_wconf 94' lang='lat' dir='ltr'>et</span> <span class='ocrx_word' id='word_1_148' title='bbox 269 2243 410 2306; x_wconf 83' lang='lat' dir='ltr'>luxuriae</span> <span class='ocrx_word' id='word_1_149' title='bbox 440 2243 611 2325; x_wconf 86' lang='lat' dir='ltr'>corporalis</span> <span class='ocrx_word' id='word_1_150' title='bbox 637 2243 810 2320; x_wconf 82' lang='lat' dir='ltr'>influxerat,</span> <span class='ocrx_word' id='word_1_151' title='bbox 844 2247 880 2307; x_wconf 90' lang='lat' dir='ltr'>ut</span> <span class='ocrx_word' id='word_1_152' title='bbox 911 2243 1031 2306; x_wconf 88' lang='lat' dir='ltr'>malitia</span> <span class='ocrx_word' id='word_1_153' title='bbox 1063 2243 1213 2326; x_wconf 84' lang='lat' dir='ltr'>passioni,</span> <span class='ocrx_word' id='word_1_154' title='bbox 1246 2243 1353 2324; x_wconf 87' lang='lat' dir='ltr'>passio</span> 
     </span>
     <span class='ocr_line' id='line_1_20' title="bbox 208 2349 1354 2432; baseline -0.001 -19"><span class='ocrx_word' id='word_1_155' title='bbox 208 2350 349 2413; x_wconf 84' lang='lat' dir='ltr'>malitiae</span> <span class='ocrx_word' id='word_1_156' title='bbox 373 2350 568 2414; x_wconf 89' lang='lat' dir='ltr'>misceretur.</span> <span class='ocrx_word' id='word_1_157' title='bbox 592 2350 788 2432; x_wconf 81' lang='lat' dir='ltr'>ingrediente</span> <span class='ocrx_word' id='word_1_158' title='bbox 812 2350 935 2415; x_wconf 90' lang='lat' dir='ltr'>medico</span> <span class='ocrx_word' id='word_1_159' title='bbox 960 2351 1010 2414; x_wconf 90' lang='lat' dir='ltr'>dci</span> <span class='ocrx_word' id='word_1_160' title='bbox 1033 2351 1130 2414; x_wconf 90' lang='lat' dir='ltr'>uerbo</span> <span class='ocrx_word' id='word_1_161' title='bbox 1155 2349 1194 2413; x_wconf 89' lang='lat' dir='ltr'>ad</span> <span class='ocrx_word' id='word_1_162' title='bbox 1217 2350 1354 2414; x_wconf 90' lang='lat' dir='ltr'>uisitati-</span> 
     </span>
     <span class='ocr_line' id='line_1_21' title="bbox 209 2456 1399 2540; baseline 0 -20"><span class='ocrx_word' id='word_1_163' title='bbox 209 2475 300 2520; x_wconf 91' lang='lat' dir='ltr'>onem</span> <span class='ocrx_word' id='word_1_164' title='bbox 316 2456 448 2534; x_wconf 88' lang='lat' dir='ltr'>animae,</span> <span class='ocrx_word' id='word_1_165' title='bbox 464 2476 543 2538; x_wconf 87' lang='lat' dir='ltr'>qnae</span> <span class='ocrx_word' id='word_1_166' title='bbox 559 2457 681 2520; x_wconf 90' lang='lat' dir='ltr'>diutina</span> <span class='ocrx_word' id='word_1_167' title='bbox 700 2456 896 2540; x_wconf 82' lang='lat' dir='ltr'>aegritudine</span> <span class='ocrx_word' id='word_1_168' title='bbox 911 2457 1073 2521; x_wconf 87' lang='lat' dir='ltr'>laborabat</span> <span class='ocrx_word' id='word_1_169' title='bbox 1087 2456 1353 2539; x_wconf 89' lang='lat' dir='ltr'>disceptationum</span> <span class='ocrx_word' id='word_1_170' title='bbox 1372 2476 1399 2514; x_wconf 82' lang='lat'>20</span> 
     </span>
     <span class='ocr_line' id='line_1_22' title="bbox 208 2563 1355 2645; baseline 0 -20"><span class='ocrx_word' id='word_1_171' title='bbox 208 2563 400 2645; x_wconf 90' lang='lat' dir='ltr'>inprobitate</span> <span class='ocrx_word' id='word_1_172' title='bbox 429 2567 460 2626; x_wconf 93' lang='lat' dir='ltr'>et</span> <span class='ocrx_word' id='word_1_173' title='bbox 488 2564 672 2645; x_wconf 88' lang='lat' dir='ltr'>passionum</span> <span class='ocrx_word' id='word_1_174' title='bbox 701 2564 883 2641; x_wconf 82' lang='lat' dir='ltr'>acerbitate,</span> <span class='ocrx_word' id='word_1_175' title='bbox 912 2565 999 2645; x_wconf 87' lang='lat' dir='ltr'>prius</span> <span class='ocrx_word' id='word_1_176' title='bbox 1031 2582 1145 2626; x_wconf 87' lang='lat' dir='ltr'>causae</span> <span class='ocrx_word' id='word_1_177' title='bbox 1179 2563 1355 2626; x_wconf 91' lang='lat' dir='ltr'>debuerunt</span> 
     </span>
     <span class='ocr_line' id='line_1_23' title="bbox 208 2669 1354 2753; baseline -0.001 -20"><span class='ocrx_word' id='word_1_178' title='bbox 208 2670 417 2753; x_wconf 84' lang='lat' dir='ltr'>aegritudinis</span> <span class='ocrx_word' id='word_1_179' title='bbox 446 2670 613 2750; x_wconf 85' lang='lat' dir='ltr'>amputari.</span> <span class='ocrx_word' id='word_1_180' title='bbox 645 2669 835 2752; x_wconf 89' lang='lat' dir='ltr'>principium</span> <span class='ocrx_word' id='word_1_181' title='bbox 864 2671 945 2733; x_wconf 90' lang='lat' dir='ltr'>enim</span> <span class='ocrx_word' id='word_1_182' title='bbox 970 2669 1145 2734; x_wconf 85' lang='lat' dir='ltr'>medicinae</span> <span class='ocrx_word' id='word_1_183' title='bbox 1170 2671 1220 2733; x_wconf 90' lang='lat' dir='ltr'>est</span> <span class='ocrx_word' id='word_1_184' title='bbox 1242 2687 1354 2732; x_wconf 88' lang='lat' dir='ltr'>causas</span> 
     </span>
     <span class='ocr_line' id='line_1_24' title="bbox 208 2775 1353 2860; baseline -0.003 -21"><span class='ocrx_word' id='word_1_185' title='bbox 208 2776 371 2860; x_wconf 89' lang='lat' dir='ltr'>languoris</span> <span class='ocrx_word' id='word_1_186' title='bbox 390 2775 537 2852; x_wconf 84' lang='lat' dir='ltr'>incidere,</span> <span class='ocrx_word' id='word_1_187' title='bbox 557 2796 595 2839; x_wconf 93' lang='lat' dir='ltr'>ne</span> <span class='ocrx_word' id='word_1_188' title='bbox 619 2776 740 2839; x_wconf 87' lang='lat' dir='ltr'>diutius</span> <span class='ocrx_word' id='word_1_189' title='bbox 766 2795 801 2840; x_wconf 89' lang='lat' dir='ltr'>ea</span> <span class='ocrx_word' id='word_1_190' title='bbox 825 2796 904 2859; x_wconf 88' lang='lat' dir='ltr'>quae</span> <span class='ocrx_word' id='word_1_191' title='bbox 928 2779 1041 2840; x_wconf 90' lang='lat' dir='ltr'>nocent</span> <span class='ocrx_word' id='word_1_192' title='bbox 1064 2776 1102 2839; x_wconf 90' lang='lat' dir='ltr'>ad</span> <span class='ocrx_word' id='word_1_193' title='bbox 1125 2776 1353 2838; x_wconf 89' lang='lat' dir='ltr'>incrementum</span> 
     </span>
    </p>
   </div>
   <div class='ocr_carea' id='block_1_3' title="bbox 209 2881 1354 2966">
    <p class='ocr_par' dir='ltr' id='par_1_5' title="bbox 209 2881 1354 2966">
     <span class='ocr_line' id='line_1_25' title="bbox 209 2881 1354 2966; baseline -0.002 -21"><span class='ocrx_word' id='word_1_194' title='bbox 209 2883 416 2966; x_wconf 90' lang='lat' dir='ltr'>aegritudinis</span> <span class='ocrx_word' id='word_1_195' title='bbox 453 2883 681 2947; x_wconf 89' lang='lat' dir='ltr'>ministrentur.</span> <span class='ocrx_word' id='word_1_196' title='bbox 720 2883 802 2964; x_wconf 89' lang='lat' dir='ltr'>qnod</span> <span class='ocrx_word' id='word_1_197' title='bbox 839 2902 896 2946; x_wconf 89' lang='lat' dir='ltr'>nos</span> <span class='ocrx_word' id='word_1_198' title='bbox 930 2883 1025 2946; x_wconf 87' lang='lat' dir='ltr'>etiam</span> <span class='ocrx_word' id='word_1_199' title='bbox 1057 2883 1107 2945; x_wconf 85' lang='lat' dir='ltr'>lex</span> <span class='ocrx_word' id='word_1_200' title='bbox 1142 2881 1242 2945; x_wconf 84' lang='lat' dir='ltr'>docet.</span> <span class='ocrx_word' id='word_1_201' title='bbox 1282 2899 1354 2943; x_wconf 83' lang='lat' dir='ltr'>crim</span> 
     </span>
    </p>
   </div>
   <div class='ocr_carea' id='block_1_4' title="bbox 208 3141 1352 3297">
    <p class='ocr_par' dir='ltr' id='par_1_6' title="bbox 208 3141 1352 3297">
     <span class='ocr_line' id='line_1_26' title="bbox 300 3141 1352 3209; baseline -0.002 -11"><span class='ocrx_word' id='word_1_202' title='bbox 300 3149 314 3199; x_wconf 82' lang='lat'>6</span> <span class='ocrx_word' id='word_1_203' title='bbox 334 3146 433 3198; x_wconf 87' lang='lat' dir='ltr'>Psahu.</span> <span class='ocrx_word' id='word_1_204' title='bbox 453 3145 555 3198; x_wconf 87' lang='lat' dir='ltr'>XXXII</span> <span class='ocrx_word' id='word_1_205' title='bbox 574 3146 590 3198; x_wconf 84' lang='lat'><strong>6</strong></span> <span class='ocrx_word' id='word_1_206' title='bbox 659 3145 674 3197; x_wconf 83' lang='grc'>9</span> <span class='ocrx_word' id='word_1_207' title='bbox 694 3143 750 3197; x_wconf 93' lang='lat' dir='ltr'>Iob.</span> <span class='ocrx_word' id='word_1_208' title='bbox 771 3145 814 3206; x_wconf 83' lang='lat'>33,</span> <span class='ocrx_word' id='word_1_209' title='bbox 833 3143 850 3196; x_wconf 87' lang='lat'>4</span> <span class='ocrx_word' id='word_1_210' title='bbox 921 3142 953 3196; x_wconf 84' lang='lat'>10</span> <span class='ocrx_word' id='word_1_211' title='bbox 974 3141 1039 3196; x_wconf 87' lang='lat' dir='ltr'>Gen.</span> <span class='ocrx_word' id='word_1_212' title='bbox 1060 3142 1086 3209; x_wconf 83' lang='lat'>8,</span> <span class='ocrx_word' id='word_1_213' title='bbox 1106 3141 1123 3194; x_wconf 99' lang='grc'>2</span> <span class='ocrx_word' id='word_1_214' title='bbox 1141 3142 1220 3195; x_wconf 90' lang='lat' dir='ltr'>Philo</span> <span class='ocrx_word' id='word_1_215' title='bbox 1241 3142 1352 3208; x_wconf 82' lang='lat' dir='ltr'>Quaest.</span> 
     </span>
     <span class='ocr_line' id='line_1_27' title="bbox 208 3234 586 3297; baseline -0.005 -9"><span class='ocrx_word' id='word_1_216' title='bbox 208 3235 288 3288; x_wconf 77' lang='lat'>1129</span> <span class='ocrx_word' id='word_1_217' title='bbox 344 3235 379 3286; x_wconf 85' lang='grc'>24</span> <span class='ocrx_word' id='word_1_218' title='bbox 396 3234 485 3286; x_wconf 84' lang='lat' dir='ltr'>Leuit.</span> <span class='ocrx_word' id='word_1_219' title='bbox 508 3235 586 3297; x_wconf 85' lang='lat'><strong>13,4</strong></span> 
     </span>
    </p>
   </div>
   <div class='ocr_carea' id='block_1_5' title="bbox 248 3372 1356 3452">
    <p class='ocr_par' dir='ltr' id='par_1_7' title="bbox 248 3372 1356 3452">
     <span class='ocr_line' id='line_1_28' title="bbox 248 3372 1356 3452; baseline -0.006 -22"><span class='ocrx_word' id='word_1_220' title='bbox 248 3379 260 3431; x_wconf 95' lang='lat'>1</span> <span class='ocrx_word' id='word_1_221' title='bbox 287 3375 674 3430; x_wconf 86' lang='lat' dir='ltr'>auertente...turbabuntur</span> <span class='ocrx_word' id='word_1_222' title='bbox 696 3375 723 3426; x_wconf 89' lang='lat' dir='ltr'><em>P</em></span> <span class='ocrx_word' id='word_1_223' title='bbox 744 3374 775 3427; x_wconf 84' lang='lat' dir='ltr'>iu</span> <span class='ocrx_word' id='word_1_224' title='bbox 799 3392 850 3444; x_wconf 76' lang='lat' dir='ltr'>nep.</span> <span class='ocrx_word' id='word_1_225' title='bbox 875 3378 925 3436; x_wconf 87' lang='lat' dir='ltr'>ml,</span> <span class='ocrx_word' id='word_1_226' title='bbox 953 3389 1002 3427; x_wconf 75' lang='lat' dir='ltr'>ona</span> <span class='ocrx_word' id='word_1_227' title='bbox 1027 3372 1085 3426; x_wconf 89' lang='lat' dir='ltr'>DN</span> <span class='ocrx_word' id='word_1_228' title='bbox 1177 3372 1192 3424; x_wconf 85' lang='lat'><strong>3</strong></span> <span class='ocrx_word' id='word_1_229' title='bbox 1222 3372 1303 3426; x_wconf 91' lang='lat' dir='ltr'>emite</span> <span class='ocrx_word' id='word_1_230' title='bbox 1331 3372 1356 3452; x_wconf 96' lang='grc' dir='ltr'><em>Τ</em></span> 
     </span>
    </p>
   </div>
   <div class='ocr_carea' id='block_1_6' title="bbox 209 3458 1354 3648">
    <p class='ocr_par' dir='ltr' id='par_1_8' title="bbox 209 3458 1354 3648">
     <span class='ocr_line' id='line_1_29' title="bbox 209 3458 1354 3558; baseline -0.004 -13"><span class='ocrx_word' id='word_1_231' title='bbox 209 3494 304 3546; x_wconf 90' lang='lat' dir='ltr'>emitte</span> <span class='ocrx_word' id='word_1_232' title='bbox 328 3492 359 3545; x_wconf 85' lang='grc' dir='ltr'><em>Τ</em></span> <span class='ocrx_word' id='word_1_233' title='bbox 414 3458 1011 3556; x_wconf 62' lang='lat' dir='ltr'>drenodabisPueiurua.n12;umd)</span> <span class='ocrx_word' id='word_1_234' title='bbox 1063 3476 1185 3558; x_wconf 67' lang='lat' dir='ltr'>&#39;lspsN</span> <span class='ocrx_word' id='word_1_235' title='bbox 1230 3486 1354 3541; x_wconf 86' lang='lat' dir='ltr'>10Nuno</span> 
     </span>
     <span class='ocr_line' id='line_1_30' title="bbox 209 3576 1354 3648; baseline -0.006 -13"><span class='ocrx_word' id='word_1_236' title='bbox 209 3599 243 3635; x_wconf 81' lang='lat' dir='ltr'>ear</span> <span class='ocrx_word' id='word_1_237' title='bbox 260 3582 322 3635; x_wconf 88' lang='lat' dir='ltr'>Non</span> <span class='ocrx_word' id='word_1_238' title='bbox 341 3582 368 3633; x_wconf 89' lang='lat' dir='ltr'><strong><em>P</em></strong></span> <span class='ocrx_word' id='word_1_239' title='bbox 385 3580 447 3634; x_wconf 91' lang='lat' dir='ltr'>Non</span> <span class='ocrx_word' id='word_1_240' title='bbox 469 3580 492 3633; x_wconf 83' lang='lat'><em>0</em></span> <span class='ocrx_word' id='word_1_241' title='bbox 551 3581 684 3648; x_wconf 83' lang='lat' dir='ltr'>scriptura</span> <span class='ocrx_word' id='word_1_242' title='bbox 702 3579 782 3632; x_wconf 79' lang='lat' dir='ltr'>Pac</span> <span class='ocrx_word' id='word_1_243' title='bbox 799 3579 931 3648; x_wconf 87' lang='lat' dir='ltr'>scriptura</span> <span class='ocrx_word' id='word_1_244' title='bbox 951 3578 1042 3630; x_wconf 90' lang='lat' dir='ltr'>diuina</span> <span class='ocrx_word' id='word_1_245' title='bbox 1061 3582 1107 3630; x_wconf 83' lang='lat' dir='ltr'>cet.</span> <span class='ocrx_word' id='word_1_246' title='bbox 1154 3576 1184 3628; x_wconf 92' lang='grc'>11</span> <span class='ocrx_word' id='word_1_247' title='bbox 1202 3578 1354 3629; x_wconf 84' lang='lat' dir='ltr'>cataractae</span> 
     </span>
    </p>
   </div>
   <div class='ocr_carea' id='block_1_7' title="bbox 210 3662 1352 3739">
    <p class='ocr_par' dir='ltr' id='par_1_9' title="bbox 210 3662 1352 3739">
     <span class='ocr_line' id='line_1_31' title="bbox 210 3662 1352 3739; baseline -0.005 -15"><span class='ocrx_word' id='word_1_248' title='bbox 210 3671 237 3724; x_wconf 91' lang='lat' dir='ltr'><em>P</em></span> <span class='ocrx_word' id='word_1_249' title='bbox 255 3675 296 3739; x_wconf 79' lang='lat' dir='ltr'>(ae</span> <span class='ocrx_word' id='word_1_250' title='bbox 316 3687 349 3724; x_wconf 78' lang='lat' dir='ltr'>aa</span> <span class='ocrx_word' id='word_1_251' title='bbox 368 3689 383 3724; x_wconf 92' lang='lat' dir='ltr'>a</span> <span class='ocrx_word' id='word_1_252' title='bbox 401 3675 458 3736; x_wconf 78' lang='lat' dir='ltr'>m2)</span> <span class='ocrx_word' id='word_1_253' title='bbox 570 3671 603 3724; x_wconf 90' lang='grc'>12</span> <span class='ocrx_word' id='word_1_254' title='bbox 623 3670 725 3723; x_wconf 90' lang='lat' dir='ltr'>diluuio</span> <span class='ocrx_word' id='word_1_255' title='bbox 746 3673 772 3739; x_wconf 64' lang='lat' dir='ltr'>li</span> <span class='ocrx_word' id='word_1_256' title='bbox 791 3686 811 3723; x_wconf 84' lang='lat' dir='ltr'>s.</span> <span class='ocrx_word' id='word_1_257' title='bbox 832 3674 857 3736; x_wconf 82' lang='grc' dir='ltr'>ο)</span> <span class='ocrx_word' id='word_1_258' title='bbox 878 3669 906 3720; x_wconf 91' lang='grc' dir='ltr'><strong><em>Ρ</em></strong></span> <span class='ocrx_word' id='word_1_259' title='bbox 932 3662 934 3666; x_wconf 77' lang='grc'><strong>’</strong></span> <span class='ocrx_word' id='word_1_260' title='bbox 1013 3667 1046 3721; x_wconf 84' lang='grc'><strong>13</strong></span> <span class='ocrx_word' id='word_1_261' title='bbox 1060 3666 1148 3735; x_wconf 65' lang='lat' dir='ltr'>erupti</span> <span class='ocrx_word' id='word_1_262' title='bbox 1170 3665 1201 3718; x_wconf 67' lang='grc' dir='ltr'>Τ*</span> <span class='ocrx_word' id='word_1_263' title='bbox 1226 3669 1251 3731; x_wconf 91' lang='lat' dir='ltr'>(e</span> <span class='ocrx_word' id='word_1_264' title='bbox 1270 3669 1352 3728; x_wconf 84' lang='lat' dir='ltr'>eras.)</span> 
     </span>
    </p>
   </div>
   <div class='ocr_carea' id='block_1_8' title="bbox 209 3754 1356 3941">
    <p class='ocr_par' dir='ltr' id='par_1_10' title="bbox 209 3754 1356 3941">
     <span class='ocr_line' id='line_1_32' title="bbox 229 3754 1354 3868; baseline -0.006 -30"><span class='ocrx_word' id='word_1_265' title='bbox 229 3754 336 3855; x_wconf 58' lang='lat' dir='ltr'>:pentae</span> <span class='ocrx_word' id='word_1_266' title='bbox 355 3786 380 3839; x_wconf 92' lang='grc' dir='ltr'><em>Τ</em></span> <span class='ocrx_word' id='word_1_267' title='bbox 420 3788 453 3839; x_wconf 87' lang='grc'><strong>14</strong></span> <span class='ocrx_word' id='word_1_268' title='bbox 472 3789 622 3840; x_wconf 87' lang='lat' dir='ltr'>cataractae</span> <span class='ocrx_word' id='word_1_269' title='bbox 643 3786 683 3852; x_wconf 88' lang='lat' dir='ltr'>(ta</span> <span class='ocrx_word' id='word_1_270' title='bbox 699 3802 741 3854; x_wconf 83' lang='lat' dir='ltr'>pr.</span> <span class='ocrx_word' id='word_1_271' title='bbox 757 3784 922 3847; x_wconf 81' lang='lat' dir='ltr'>s.u.)Pm1</span> <span class='ocrx_word' id='word_1_272' title='bbox 941 3784 970 3837; x_wconf 94' lang='lat' dir='ltr'><strong><em>N</em></strong></span> <span class='ocrx_word' id='word_1_273' title='bbox 979 3786 1025 3836; x_wconf 81' lang='lat' dir='ltr'>m2</span> <span class='ocrx_word' id='word_1_274' title='bbox 1044 3784 1178 3868; x_wconf 79' lang='lat' dir='ltr'>caten-acte</span> <span class='ocrx_word' id='word_1_275' title='bbox 1196 3781 1221 3834; x_wconf 94' lang='grc' dir='ltr'><em>Τ</em></span> <span class='ocrx_word' id='word_1_276' title='bbox 1261 3779 1354 3866; x_wconf 26' lang='lat' dir='ltr'>landi-</span> 
     </span>
     <span class='ocr_line' id='line_1_33' title="bbox 209 3871 1356 3941; baseline -0.003 -12"><span class='ocrx_word' id='word_1_277' title='bbox 209 3876 269 3929; x_wconf 90' lang='lat' dir='ltr'>luui</span> <span class='ocrx_word' id='word_1_278' title='bbox 288 3877 315 3928; x_wconf 89' lang='lat' dir='ltr'><em>P</em></span> <span class='ocrx_word' id='word_1_279' title='bbox 333 3875 429 3928; x_wconf 88' lang='lat' dir='ltr'>diluuii</span> <span class='ocrx_word' id='word_1_280' title='bbox 449 3882 495 3928; x_wconf 83' lang='lat' dir='ltr'>cet.</span> <span class='ocrx_word' id='word_1_281' title='bbox 562 3877 594 3929; x_wconf 87' lang='grc'><strong>16</strong></span> <span class='ocrx_word' id='word_1_282' title='bbox 614 3874 753 3928; x_wconf 68' lang='lat' dir='ltr'>subtiliore</span> <span class='ocrx_word' id='word_1_283' title='bbox 767 3875 793 3926; x_wconf 89' lang='lat' dir='ltr'><em>P</em></span> <span class='ocrx_word' id='word_1_284' title='bbox 818 3876 844 3937; x_wconf 86' lang='lat' dir='ltr'>(a</span> <span class='ocrx_word' id='word_1_285' title='bbox 863 3876 942 3941; x_wconf 81' lang='lat' dir='ltr'>erus.)</span> <span class='ocrx_word' id='word_1_286' title='bbox 1010 3872 1041 3924; x_wconf 87' lang='grc'><strong>17</strong></span> <span class='ocrx_word' id='word_1_287' title='bbox 1061 3871 1221 3940; x_wconf 88' lang='lat' dir='ltr'>intpretatio</span> <span class='ocrx_word' id='word_1_288' title='bbox 1242 3871 1269 3922; x_wconf 93' lang='lat' dir='ltr'><em>P</em></span> <span class='ocrx_word' id='word_1_289' title='bbox 1287 3873 1311 3933; x_wconf 93' lang='lat' dir='ltr'>(t</span> <span class='ocrx_word' id='word_1_290' title='bbox 1330 3878 1356 3925; x_wconf 79' lang='lat' dir='ltr'>et</span> 
     </span>
    </p>
   </div>
   <div class='ocr_carea' id='block_1_9' title="bbox 208 3960 1356 4120">
    <p class='ocr_par' dir='ltr' id='par_1_11' title="bbox 208 3960 1356 4120">
     <span class='ocr_line' id='line_1_34' title="bbox 208 3960 1356 4034; baseline -0.003 -16"><span class='ocrx_word' id='word_1_291' title='bbox 208 3967 393 4019; x_wconf 69' lang='lat' dir='ltr'>relaturos.</span> <span class='ocrx_word' id='word_1_292' title='bbox 413 3969 470 4028; x_wconf 71' lang='grc'><strong>((12)</strong></span> <span class='ocrx_word' id='word_1_293' title='bbox 563 3966 836 4034; x_wconf 72' lang='lat' dir='ltr'>exprimitPliteu</span> <span class='ocrx_word' id='word_1_294' title='bbox 856 3965 957 4030; x_wconf 79' lang='lat' dir='ltr'>ctru2)</span> <span class='ocrx_word' id='word_1_295' title='bbox 1032 3962 1064 4014; x_wconf 86' lang='grc'><strong>18</strong></span> <span class='ocrx_word' id='word_1_296' title='bbox 1084 3962 1201 4014; x_wconf 84' lang='lat' dir='ltr'>luxoriae</span> <span class='ocrx_word' id='word_1_297' title='bbox 1216 3960 1271 4013; x_wconf 82' lang='lat' dir='ltr'>PT</span> <span class='ocrx_word' id='word_1_298' title='bbox 1323 3963 1356 4014; x_wconf 91' lang='lat' dir='ltr'>nt</span> 
     </span>
     <span class='ocr_line' id='line_1_35' title="bbox 211 4049 1356 4120; baseline -0.003 -14"><span class='ocrx_word' id='word_1_299' title='bbox 211 4054 237 4106; x_wconf 91' lang='lat' dir='ltr'><em>P</em></span> <span class='ocrx_word' id='word_1_300' title='bbox 257 4061 287 4116; x_wconf 81' lang='lat' dir='ltr'>(a.</span> <span class='ocrx_word' id='word_1_301' title='bbox 307 4072 334 4107; x_wconf 82' lang='lat' dir='ltr'>u.</span> <span class='ocrx_word' id='word_1_302' title='bbox 354 4057 420 4120; x_wconf 72' lang='lat' dir='ltr'>m2l,</span> <span class='ocrx_word' id='word_1_303' title='bbox 440 4069 490 4106; x_wconf 79' lang='lat' dir='ltr'>our.</span> <span class='ocrx_word' id='word_1_304' title='bbox 514 4054 538 4107; x_wconf 95' lang='grc' dir='ltr'><em>Τ</em></span> <span class='ocrx_word' id='word_1_305' title='bbox 600 4054 635 4106; x_wconf 85' lang='grc'>20</span> <span class='ocrx_word' id='word_1_306' title='bbox 655 4052 766 4105; x_wconf 91' lang='lat' dir='ltr'>diuidua</span> <span class='ocrx_word' id='word_1_307' title='bbox 784 4053 811 4105; x_wconf 94' lang='lat' dir='ltr'><em>P</em></span> <span class='ocrx_word' id='word_1_308' title='bbox 830 4056 909 4114; x_wconf 81' lang='lat' dir='ltr'>(corr.</span> <span class='ocrx_word' id='word_1_309' title='bbox 929 4053 986 4118; x_wconf 79' lang='lat' dir='ltr'>ur2)</span> <span class='ocrx_word' id='word_1_310' title='bbox 1010 4050 1034 4102; x_wconf 89' lang='lat' dir='ltr'><em>T</em></span> <span class='ocrx_word' id='word_1_311' title='bbox 1053 4049 1156 4102; x_wconf 87' lang='lat' dir='ltr'>diurma</span> <span class='ocrx_word' id='word_1_312' title='bbox 1174 4050 1212 4102; x_wconf 90' lang='lat' dir='ltr'><em>M</em></span> <span class='ocrx_word' id='word_1_313' title='bbox 1272 4050 1303 4103; x_wconf 92' lang='grc'>21</span> <span class='ocrx_word' id='word_1_314' title='bbox 1327 4053 1356 4103; x_wconf 88' lang='lat' dir='ltr'>et</span> 
     </span>
    </p>
   </div>
   <div class='ocr_carea' id='block_1_10' title="bbox 160 4139 1027 4212">
    <p class='ocr_par' dir='ltr' id='par_1_12' title="bbox 160 4139 1027 4212">
     <span class='ocr_line' id='line_1_36' title="bbox 160 4139 1027 4212; baseline -0.003 -18"><span class='ocrx_word' id='word_1_315' title='bbox 160 4194 162 4200; x_wconf 85' lang='grc'><strong>,</strong></span> <span class='ocrx_word' id='word_1_316' title='bbox 211 4143 367 4212; x_wconf 79' lang='lat' dir='ltr'>passionum</span> <span class='ocrx_word' id='word_1_317' title='bbox 387 4143 534 4196; x_wconf 86' lang='lat' dir='ltr'>acerbitate</span> <span class='ocrx_word' id='word_1_318' title='bbox 553 4144 585 4195; x_wconf 81' lang='lat' dir='ltr'>iu</span> <span class='ocrx_word' id='word_1_319' title='bbox 603 4145 720 4211; x_wconf 54' lang='lat' dir='ltr'>uagom</span> <span class='ocrx_word' id='word_1_320' title='bbox 738 4143 765 4194; x_wconf 91' lang='lat' dir='ltr'><em>P</em></span> <span class='ocrx_word' id='word_1_321' title='bbox 818 4143 852 4194; x_wconf 90' lang='grc'>22</span> <span class='ocrx_word' id='word_1_322' title='bbox 872 4139 1027 4194; x_wconf 82' lang='lat' dir='ltr'>causamT</span> 
     </span>
    </p>
   </div>
   <div class='ocr_carea' id='block_1_11' title="bbox 0 0 1508 4666">
    <p class='ocr_par' dir='ltr' id='par_1_13' title="bbox 0 0 1508 4666">
     <span class='ocr_line' id='line_1_37' title="bbox 0 0 1508 4666; baseline 0 0"><span class='ocrx_word' id='word_1_323' title='bbox 0 0 1508 4666; x_wconf 95' lang='lat' dir='ltr'> </span> 
     </span>
    </p>
   </div>
  </div>
 </body>
</html>
