3008 4666
168 279 231 342 128
635 274 835 329 Ambrosii

163 471 265 536 multo
283 469 451 554 prolixiora
471 468 534 533 siut
552 465 654 530 noctis
675 464 777 547 spatia
796 483 891 546 quam
910 464 983 529 diei.
999 464 1072 529 hinc
1088 482 1184 529 causa
1198 464 1308 541 oritur,
1372 463 1395 516 Β

163 581 201 642 ut
223 577 362 642 hibernis
385 576 514 641 flatibus
538 574 635 638 nimia
658 574 708 637 uis
732 572 855 636 niuium
879 571 1124 653 pluuiarumquc
1147 572 1308 637 fundatur.

163 703 236 748 cum
260 704 335 749 uero
360 703 396 748 ex
419 681 602 747 meridianis
627 679 780 744 decedens
804 678 948 760 partibus
969 697 1064 760 super
1082 683 1196 742 terram
1214 678 1308 755 redit,

162 790 263 854 noctis
297 810 332 854 ac
365 790 427 854 diei
461 790 613 870 exaequat
645 792 786 869 tempora
820 788 851 849 et
883 804 945 867 quo
979 784 1080 869 magis
1108 804 1212 849 moras
1240 785 1308 850 suis

162 896 307 980 adiungit
331 897 488 969 cursibus,
514 914 549 959 eo
574 894 728 976 paulatim
752 892 939 975 temperiem
963 892 1042 956 aeris
1066 892 1160 956 huius
1184 891 1309 957 reducit
1340 918 1353 957 s

162 1006 195 1067 et
216 1006 346 1067 reuocat
369 1022 516 1066 aurarum
537 1000 748 1077 clementiam,
768 1019 848 1080 quae
867 1000 979 1064 fouens
999 999 1103 1064 omnia
1121 998 1307 1081 repetendos

162 1113 249 1196 cogit
276 1111 307 1174 in
336 1113 457 1193 portua,
486 1112 522 1173 nt
550 1112 632 1173 terra
662 1107 817 1192 germinet
841 1127 875 1172 aa
900 1107 1041 1171 resoluta
1065 1105 1163 1171 sulcis
1188 1106 1309 1171 semina

160 1218 373 1293 reuiuescant‚
401 1216 561 1280 uirescant
590 1216 726 1291 arbores,
752 1215 789 1279 ad
813 1214 1058 1297 perpetuitatem
1083 1231 1209 1295 quoqne
1233 1232 1307 1277 con·
1375 1215 1396 1271 0

162 1323 309 1388 seruandi
341 1321 464 1405 generis
498 1340 606 1385 eorum
640 1340 720 1402 quae
752 1322 805 1384 uel
837 1321 868 1383 in
901 1320 992 1383 terris
1026 1324 1100 1383 sunt
1131 1321 1185 1384 uel
1217 1319 1307 1402 aquis

162 1430 300 1514 gaudent
343 1427 452 1492 annuis
494 1427 612 1490 fetibus
652 1427 812 1492 successio
850 1429 1051 1510 propagetur.
1090 1428 1140 1489 ast
1175 1426 1231 1489 ubi
1268 1426 1308 1490 ad
1326 1450 1353 1489 ro

161 1535 301 1600 aestiuas
340 1534 562 1598 conuersiones
599 1534 630 1596 in
671 1533 916 1616 septentrionem
955 1552 988 1597 se
1027 1533 1173 1617 subrigit,
1206 1532 1308 1615 spatia

162 1643 273 1705 diurna
305 1640 462 1723 producit,
495 1643 604 1704 noctes
637 1659 712 1705 uero
746 1644 827 1704 artat
861 1660 897 1703 ac
930 1639 1065 1723 stringit.
1102 1639 1210 1721 itaque
1245 1657 1306 1720 quo

161 1747 262 1831 magis
296 1766 358 1811 usu
391 1747 520 1811 assiduo
554 1747 619 1811 aeri
650 1747 724 1810 huic
758 1747 924 1828 copulatur
957 1749 1050 1827 atque
1078 1746 1240 1827 miscetur,
1269 1762 1306 1809 co

162 1853 299 1935 amplius
325 1873 428 1917 aerem
451 1853 558 1935 ipsum
581 1857 714 1935 uaporat
733 1857 764 1917 et
783 1856 937 1916 terrarum
957 1853 1094 1916 exsiccat
1112 1870 1254 1915 umorem
1275 1855 1307 1915 et

161 1960 341 2024 adolescere
372 1960 450 2024 facit
482 1960 602 2024 semina
634 1964 665 2024 et
694 1963 855 2042 tamquam
883 1960 914 2023 in
945 1978 1039 2023 sucos
1067 1959 1177 2023 uiriles
1204 1962 1350 2021 matu-1⁵

160 2085 282 2131 resccre
297 2086 391 2149 poma
406 2067 572 2131 siluarum.
585 2069 662 2131 tunc
677 2066 751 2147 quia
764 2066 946 2150 flagrantior
961 2070 1020 2143 cst,
1031 2066 1166 2129 minores
1176 2064 1305 2128 umbras
1368 2068 1393 2122 D

159 2172 236 2237 facit
267 2172 298 2235 in
332 2173 516 2251 meridiano,
546 2174 692 2255 quoniam
723 2192 757 2236 ex
786 2172 849 2236 alto
880 2172 964 2235 hunc.
992 2172 1161 2236 inluminat
1187 2172 1304 2235 locum.

107 2278 244 2342 22unde
278 2280 309 2342 et
342 2297 504 2363 synagoga
532 2279 609 2342 dicit
636 2279 668 2342 in
698 2277 837 2343 Cantiois
867 2278 1080 2343 canticorum:
1110 2277 1306 2342 adnuntia

161 2384 269 2461 mihi,
308 2404 420 2466 quem
458 2385 606 2449 dilexit
643 2385 773 2449 anima
810 2405 902 2452 mea.
940 2386 1009 2450 ubi
1045 2385 1194 2468 pascis,
1236 2383 1304 2447 ubi

161 2510 295 2555 manes
325 2491 363 2554 in
391 2492 624 2569 meridiano,
654 2511 698 2556 ne
731 2492 837 2556 forte
870 2494 963 2556 fiam
998 2490 1350 2556 circumamictam

162 2615 282 2679 super
301 2616 446 2681 greges
467 2597 670 2660 sodalium
690 2602 861 2662 tuorum.
883 2599 940 2662 hoc
962 2602 1029 2662 est:
1050 2598 1202 2662 adnuntia
1215 2597 1304 2673 milri,

162 2703 297 2781 Christe,
335 2723 428 2785 quem
466 2704 575 2767 dilexit
612 2704 717 2768 anima
750 2723 830 2767 mea.
869 2723 924 2768 cur
959 2724 1020 2768 non
1056 2705 1162 2786 potius
1200 2709 1306 2786 ‘quem

161 2809 302 2893 diligit'?
336 2810 391 2873 sed
424 2829 582 2893 synagoga
616 2810 733 2889 dilexit,
768 2811 902 2875 ecclesia
934 2811 1041 2895 diligit
1069 2831 1125 2876 neo
1153 2813 1304 2892 umquam

252 3069 283 3122 11
303 3068 368 3123 Isid.
388 3069 421 3122 de
440 3073 496 3123 nat.
516 3087 566 3123 rer.
588 3072 611 3132 7,
632 3072 649 3123 3
705 3071 738 3123 18
759 3069 837 3124 Cant.
859 3073 881 3132 1,
903 3072 917 3124 7

198 3194 210 3246 1
231 3193 317 3246 noctis
338 3194 426 3262 spatia
446 3210 525 3262 quam
545 3194 600 3247 diei
617 3193 656 3246 N‘
676 3194 730 3248 diei
749 3195 838 3264 spatia
858 3212 937 3264 quam
956 3197 1043 3249 noctis
1063 3204 1110 3251 oct.
1129 3199 1161 3251 iu
1180 3200 1262 3254 Gan?
1275 3201 1303 3252 in

160 3299 211 3350 arcp.
230 3298 289 3351 sup.
304 3289 370 3350 post
389 3283 444 3335 sint
461 3283 529 3335 laceo
552 3283 618 3336 cdd,
634 3287 652 3351 ')
672 3285 760 3336 noctis
785 3285 873 3353 spatia
894 3301 972 3352 quam
994 3285 1054 3338 diei.
1074 3303 1164 3339 rursus
1184 3305 1243 3340 cum
1263 3288 1304 3341 sol

160 3370 271 3440 propius
291 3370 325 3423 ad
344 3371 451 3424 breuior
470 3371 565 3424 umbra
583 3375 668 3424 terras
689 3373 783 3441 operit.
804 3377 835 3426 ut
853 3373 977 3442 longiora
996 3375 1051 3426 sint
1100 3376 1116 3427 2
1137 3380 1164 3428 et
1182 3375 1304 3430 hibernis

74 3462 77 3467 “
113 3516 116 3521 ,
161 3462 274 3526 (omut)
293 3459 316 3511 (l
351 3459 509 3513 3decidena
522 3462 545 3512 U
559 3464 639 3525 (corr.
652 3465 709 3526 md)
726 3460 779 3514 GP
813 3463 878 3514 4et
893 3479 945 3531 quo
961 3463 990 3514 N
1009 3470 1033 3516 et
1048 3468 1095 3517 aa?
1110 3464 1168 3518 GV
1182 3464 1307 3534 asqqu

160 3564 246 3615 aequo
266 3548 293 3600 P
311 3547 399 3616 dequo
421 3548 502 3602 Grai
521 3567 589 3618 equo
614 3549 694 3602 Vral
749 3550 764 3602 8
784 3551 949 3604 reuiuiscant
971 3551 994 3604 C
1011 3553 1029 3619 (i
1050 3553 1098 3605 alt
1119 3570 1152 3606 ear
1171 3553 1194 3617 e)
1217 3554 1243 3607 G
1258 3558 1305 3608 m2

165 3635 252 3689 VMB
270 3636 436 3689 reuirescant
455 3636 492 3689 Ν
514 3646 575 3702 (ona.
596 3637 742 3704 uirescant)
801 3639 816 3691 9
838 3640 914 3707 aquis
933 3639 971 3692 Ν
991 3641 1018 3691 iu
1039 3642 1115 3708 aquis
1135 3642 1158 3695 S
1175 3642 1213 3703 lin
1232 3644 1303 3710 exp.)

124 3722 129 3735 '
161 3728 208 3777 cet.
253 3724 285 3776 10
304 3724 412 3776 fletibus
434 3723 494 3794 ull
512 3730 593 3790 erus.)
650 3730 693 3778 ast
712 3743 781 3782 eros.
804 3728 826 3779 (J
863 3730 892 3781 ll
915 3729 1097 3781 conuersionis
1119 3730 1142 3782 d
1193 3736 1302 3798 septen·

160 3811 277 3864 trionem
299 3811 322 3863 (J
340 3814 366 3877 (o
385 3813 416 3865 aa
434 3818 502 3878 rua.)
554 3815 586 3867 la
606 3814 728 3882 procedit
749 3815 772 3867 C
825 3820 853 3869 et
872 3815 1020 3885 adstringit
1037 3817 1075 3869 N'
1128 3820 1160 3872 14
1175 3835 1264 3872 aerem
1278 3818 1303 3871 ll

162 3902 189 3952 et
209 3916 297 3952 aerem
314 3899 348 3952 N
440 3918 558 3954 umorem
578 3903 646 3958 tund
664 3904 801 3957 humorem
822 3911 868 3959 cel.
957 3918 983 3958 et
1003 3906 1155 3960 adolescere
1175 3908 1254 3974 Isid„
1275 3912 1302 3960 et

160 4004 211 4042 oua
233 3988 297 4040 libri
380 3989 411 4042 16
430 3995 494 4043 tunc
513 3989 566 4042 ΠΒ
585 3996 610 4043 et
628 3992 715 4044 rudS
732 3992 832 4046 tuan
849 3998 890 4045 rial
909 4000 955 4047 cet.
1040 3996 1072 4047 18
1091 4013 1230 4065 synagoga
1252 3997 1302 4054 Gal

160 4075 293 4144 sinagoga
313 4082 359 4129 cet.
462 4079 493 4131 19
513 4095 606 4148 pasces
629 4079 693 4132 Oet
713 4083 791 4145 (corr.
811 4085 867 4148 1112)
890 4081 943 4135 GP
1038 4083 1072 4136 20
1091 4084 1202 4137 nueridie
1224 4084 1302 4138 tlan3

196 4163 263 4216 fiarrt
282 4161 305 4213 ll
325 4165 373 4217 fiar
390 4164 428 4217 N*
484 4167 516 4218 21
537 4169 627 4235 gregis
650 4167 672 4220 C
