3008 4666
238 246 303 308 450
714 241 912 297 Ambrosii
952 270 956 275 ·

238 437 386 500 odoratur
410 442 442 500 et
465 439 614 519 gustatus
639 437 798 520 gustabile
823 440 932 520 gustat
956 441 988 501 et
1005 440 1111 501 tactus
1132 437 1215 518 quod
1233 439 1385 522 tangendi
1455 439 1479 491 D

238 544 433 608 substantiae
472 543 616 608 subiacet
647 544 760 627 tangit.
793 544 864 607 ideo
901 544 1038 626 quinque
1071 564 1184 609 sensus
1216 545 1386 628 tripliciter

237 652 396 716 aestimati
417 654 492 715 sunt
511 651 564 715 uel
580 651 755 714 secundum
771 651 865 715 illud:
889 652 1023 716 scribe
1046 653 1125 716 tibi
1139 652 1382 734 tripliciter.

237 779 294 842 ego
319 762 425 822 tamen
450 757 530 821 illud
556 758 754 822 commodius
778 763 867 839 puto,
896 762 932 821 ut
961 778 1073 823 sensus
1104 760 1219 823 terreni
1246 759 1383 824 hominis

237 869 330 947 atque
356 865 500 928 animalis
526 868 558 928 et
582 864 733 945 spiritalis
758 866 922 948 accipiam,
947 885 1026 947 quos
1050 866 1107 929 illa
1129 866 1242 930 diluuii
1266 866 1383 930 fluenta
1414 886 1426 924 5

236 971 496 1035 transcenderint.

192 1080 233 1142 53
281 1077 394 1142 Merito
424 1081 675 1142 mortuaest
705 1079 832 1142 omnis
866 1098 967 1156 caro,
1001 1099 1100 1160 quae
1133 1080 1381 1147 mouebatur.

237 1185 321 1266 quod
345 1188 377 1247 et
406 1185 578 1248 secundum
608 1184 746 1248 litteram
775 1187 877 1266 liquet
910 1189 942 1250 et
973 1186 1098 1268 proprie
1131 1205 1165 1249 ac
1198 1187 1384 1252 naturaliter

236 1292 338 1356 carnis
363 1292 573 1372 corruptelam
597 1292 713 1355 indicio
742 1295 937 1374 procellosae
968 1293 1189 1357 commotionis
1218 1296 1380 1376 expressit.
1452 1307 1475 1360 Ε

235 1398 405 1464 commotio
431 1400 513 1462 enim
537 1398 655 1463 uitiosa
679 1418 739 1463 non
760 1404 809 1463 est
828 1399 889 1463 nisi
908 1419 963 1482 per
982 1400 1114 1463 affectus
1134 1401 1380 1482 corruptionem3
1402 1423 1425 1460 10

235 1510 345 1569 mouet
368 1506 451 1569 enim
476 1505 659 1586 uoluptates
681 1525 750 1569 caro
771 1506 892 1588 etipsa
911 1506 1132 1588 uoluptatibus
1152 1509 1380 1584 commonetur,

235 1613 309 1676 talis
334 1616 440 1675 autem
464 1612 635 1676 commotio
664 1613 872 1693 corruptelam
903 1615 996 1676 creat.
1031 1631 1127 1676 causa
1154 1633 1227 1696 ergo
1257 1633 1380 1696 corrup-

234 1720 316 1784 telae
341 1719 512 1783 commotio
536 1720 631 1784 istius
656 1719 765 1783 mundi
791 1723 849 1797 est,
869 1739 925 1801 per
945 1739 1037 1801 quam
1058 1719 1161 1782 anima
1179 1719 1380 1785 uniuscuius-

235 1847 295 1908 que
319 1827 497 1909 degenerat.
532 1845 603 1889 oum
627 1827 708 1889 enim
734 1826 870 1890 uitiosae
893 1826 1056 1908 passiones
1080 1828 1218 1889 mentem
1241 1832 1379 1895 mouent,

235 1934 412 2016 corruptela
427 1936 607 2015 generatum
624 1952 697 1996 cum
713 1932 888 1996 excitantur
899 1932 1182 2008 studiauirtutum,
1194 1932 1379 2014 disciplinae
1398 1954 1423 1994 15

233 2041 395 2120 profectus
421 2043 479 2103 est.
514 2039 615 2103 omnis
638 2039 738 2121 igitur
763 2039 816 2120 qni
841 2043 927 2102 erat
950 2039 987 2101 in
1012 2038 1123 2102 arida
1145 2042 1290 2103 mortuus
1315 2045 1377 2116 est3
1450 2058 1473 2111 u

233 2164 290 2210 nec
316 2147 397 2209 enim
421 2150 569 2228 poterant
592 2166 652 2210 non
682 2146 761 2209 mori
791 2164 869 2226 quos
899 2145 979 2208 tanti
1007 2145 1121 2208 diluuii
1149 2146 1233 2209 unda
1255 2142 1379 2210 ¹demer-

234 2256 326 2316 serat.
352 2253 411 2316 hoc
436 2253 609 2330 secundum
638 2253 792 2334 scriptum
821 2253 997 2332 seriemque
1025 2253 1204 2316 uerborum.
1239 2256 1376 2317 ceterum

233 2359 260 2423 si
289 2359 471 2441 allegoriam
501 2378 644 2441 quaeras,
678 2379 738 2423 non
773 2363 822 2422 est
855 2359 986 2423 dubium
1020 2360 1095 2440 quia
1126 2360 1268 2440 exemplo
1299 2360 1379 2444 ligni

233 2465 385 2545 aridioris,
416 2467 501 2546 quod
533 2466 629 2529 simul
662 2469 698 2529 ut
730 2466 868 2529 lambere
902 2466 1042 2547 coeperit
1072 2466 1156 2548 ignis
1190 2465 1300 2541 exurit,
1333 2465 1379 2528 ita
1398 2487 1423 2526 ao

233 2572 346 2647 anima,
370 2571 431 2635 nisi
456 2572 652 2636 diuersarum
676 2575 821 2636 umesoat
842 2591 910 2636 rore
931 2573 1085 2635 uirtutum
1107 2573 1221 2653 poculo
1242 2572 1378 2652 quodam

231 2677 365 2761 inrigata
390 2679 562 2759 sapientiae
591 2681 622 2742 et
650 2679 735 2742 fonte
763 2678 906 2742 iustitiae
934 2682 1029 2760 atque
1056 2679 1179 2761 inriguo
1209 2679 1377 2755 castitatis

231 2788 394 2865 tamquam
418 2786 554 2849 arefacta
576 2786 681 2849 radice
705 2785 795 2848 uitali
821 2785 1031 2866 cupiditatum
1057 2785 1207 2868 deflagrat
1233 2785 1377 2849 incendio

231 2892 284 2954 uel
314 2891 470 2972 profluuio
504 2892 605 2956 camis
636 2892 732 2955 inlisa
762 2893 952 2973 procumbit.
986 2891 1068 2955 unde
1102 2911 1225 2974 semper
1257 2891 1376 2973 epulari

232 2996 326 3061 debet
363 2999 488 3063 animus
519 2998 673 3063 bonorum
708 3018 837 3080 operum
871 2998 1090 3080 cogitationes,
1124 3001 1160 3061 ut
1191 2997 1376 3079 prudentiae
1395 3000 1502 3059 asason

232 3123 308 3168 suco
332 3123 421 3168 mens
445 3105 599 3167 inebriata
621 3105 819 3187 pinguescat,
846 3124 905 3185 quo
930 3124 991 3168 non
1015 3104 1108 3168 facilc
1133 3104 1245 3167 diluuii
1270 3123 1377 3185 corpo-

230 3209 306 3274 ralis
332 3211 423 3274 cedat
447 3211 578 3274 iniuriae
603 3214 697 3291 atque
723 3211 808 3293 arido
832 3211 971 3275 incuriae
992 3211 1055 3275 situ
1076 3212 1196 3275 euirata
1214 3211 1376 3275 moriatur.

320 3471 335 3523 3
355 3469 484 3524 Prouorb.
504 3472 547 3536 22,
567 3472 601 3525 20
666 3473 680 3524 7
702 3470 768 3524 Gen.
790 3473 813 3535 7,
835 3472 866 3524 21
887 3471 967 3524 Philo
989 3470 1200 3536 (1116811122
1257 3472 1289 3524 16
1310 3469 1376 3524 Gen.

232 3560 254 3621 7,
276 3559 310 3610 22
329 3559 408 3612 Philo
430 3557 540 3623 Quaest.
560 3559 640 3612 1123

268 3703 279 3753 1
302 3704 428 3769 gustatus
448 3701 475 3753 P
492 3705 588 3770 gustus
608 3709 655 3757 cet.
725 3703 740 3755 3
760 3701 811 3755 tibi
831 3718 881 3755 om.
901 3701 928 3754 B
1002 3703 1035 3754 12
1055 3701 1206 3770 corruptela
1225 3704 1332 3753 creatur
1349 3701 1377 3754 B

232 3789 264 3842 14
284 3791 430 3859 degenerat
453 3791 505 3843 Tr
505 3796 511 3818 ¹
532 3779 681 3860 degenerat
698 3792 725 3844 P
743 3791 923 3860 degeneratur
940 3789 1090 3844 DNBOM
1175 3790 1207 3842 15
1227 3789 1378 3842 excitantur

229 3880 328 3946 scripsi
346 3880 465 3932 excitant
484 3880 550 3932 libri
627 3881 659 3934 17
680 3880 844 3933 demerserat
865 3879 924 3932 TM
943 3884 968 3932 ot
988 3878 1032 3947 (de
1052 3895 1084 3931 ex
1103 3878 1141 3944 di)
1166 3877 1198 3929 T‘
1217 3876 1377 3930 dimerserat

230 3972 276 4020 cet.
330 3970 361 4021 19
381 3972 423 4021 est
442 3967 552 4022 dubium
567 3968 657 4021 PT¹B
676 3968 787 4021 dubium
807 3971 849 4021 est
868 3975 914 4021 cot.
988 3967 1022 4020 ad
1042 3964 1238 4034 eremplnmN
1254 3965 1378 4034 exemplu

233 4056 290 4107 CM
333 4057 887 4123 21hu1nescatDlha.u.)T‘BNOM
931 4059 963 4110 27
984 4056 1073 4110 situlllt
1093 4054 1185 4110 Paiti
1203 4054 1266 4107 DN
1318 4056 1376 4108 eui-

230 4147 290 4195 rata
309 4144 336 4196 P
353 4148 378 4210 (e
397 4145 428 4197 io
446 4150 513 4210 ras.)
533 4146 622 4198 uirata
641 4146 667 4196 B
687 4147 824 4198 euicerata
842 4145 879 4198 M
