3008 4666
426 272 576 326 Exameron
594 271 651 336 14,
672 271 776 327 14-16
813 272 838 340 (l
858 274 873 325 7
892 272 967 327 Ε-8
987 274 1032 340 D).
1259 278 1299 341 13

155 467 336 546 debeamus,
352 467 407 550 qui
425 466 560 548 imperat
578 466 760 531 nationibus
781 467 976 531 uoluntatem
993 487 1082 531 suam
1098 469 1297 546 facientibus

155 574 246 638 errius
280 592 388 638 semen
420 572 545 655 peribit.
581 591 687 637 semen
721 574 827 637 autem
861 573 929 637 eius
966 573 1057 655 impii
1090 578 1121 639 et
1153 575 1296 640 infideles

155 684 239 758 sunt,
265 680 381 762 quihus
406 680 451 744 ait
474 678 636 744 dominus:
670 697 744 743 uox
779 697 822 742 ex
845 682 958 762 patre
992 679 1156 745 diabolo
1181 682 1295 746 estis.

68 784 106 848 15
197 787 256 851 Est
276 786 371 851 etiam
390 785 519 850 initium
533 785 715 868 mysticum,
732 784 862 849 utillud
878 787 941 849 est:
962 803 1029 869 ego
1054 805 1134 850 sum
1153 787 1294 869 primus
1318 801 1340 853 B

120 897 189 958 aet
218 893 471 970 nouissimus,
505 892 659 956 initium
693 894 730 956 et
761 891 851 955 finis
885 893 918 955 et
948 891 1029 955 illud
1061 892 1093 956 iu
1131 894 1295 977 euangelio

151 998 330 1081 praecipue,
364 998 447 1081 quod
480 998 694 1081 interrogatus
728 997 874 1061 dominus
908 996 978 1080 quis
1012 999 1097 1063 esset
1118 1000 1295 1080 respondit:

150 1105 305 1169 initium
350 1103 447 1187 quod
480 1106 516 1168 et
548 1104 683 1186 loquor
714 1103 835 1168 uobis.
868 1103 923 1185 qui
954 1121 1029 1168 uere
1063 1107 1094 1168 et
1122 1105 1294 1171 secundum

151 1211 352 1276 diuinitatem
385 1213 435 1275 est
466 1210 593 1274 initium
627 1209 778 1288 omnium,
803 1210 877 1293 quia
900 1229 992 1276 nemo
1017 1213 1089 1276 ante
1120 1211 1237 1294 ipsum,
1263 1215 1296 1276 et

149 1319 232 1396 finis,
273 1320 347 1401 quia
383 1337 474 1383 nemo
511 1318 597 1382 ultra
631 1316 739 1400 ipsum
778 1320 836 1381 est.
880 1318 1054 1382 secundum
1091 1319 1292 1402 euangelium

106 1449 130 1488 ιο
148 1425 277 1490 initium
296 1428 346 1490 est
364 1424 489 1488 uiarum
508 1424 628 1488 domini
646 1424 677 1487 in
697 1442 791 1507 opera
811 1423 890 1501 eius,
905 1428 942 1488 ut
959 1443 1015 1507 per
1032 1425 1138 1505 ipsum
1158 1426 1294 1490 disceret

148 1533 312 1597 hominum
347 1551 445 1616 genus
479 1531 549 1596 uias
582 1531 702 1596 domini
735 1532 826 1614 sequi
858 1534 890 1596 et
914 1532 1035 1613 operari
1059 1551 1152 1614 opera
1176 1533 1236 1599 dei.
1260 1534 1291 1598 in

148 1639 208 1703 hoc
224 1659 299 1723 ergo
313 1638 479 1720 principio,
494 1638 527 1701 id
542 1639 636 1702 estin
653 1638 778 1703 Christo
795 1637 872 1703 feeit
886 1638 964 1703 deus
981 1640 1104 1703 caelum
1120 1641 1152 1703 et
1164 1642 1291 1716 terram,
1316 1651 1336 1706 (r

148 1745 443 1827 quiaperipsum
463 1744 1052 1828 omniafactasuntetsiueipso
1072 1745 1291 1811 factumest

148 1852 243 1915 nihil
259 1851 358 1934 quod
371 1853 513 1916 factum
530 1851 867 1935 esttinipso,quiain
882 1851 964 1933 ipso
981 1855 1156 1916 constant
1170 1855 1291 1918 omnia

104 1982 127 2021 rs
148 1957 266 2040 etipse
287 1960 337 2022 est
358 1958 637 2041 primogenitus
661 1957 783 2022 totius
808 1960 1014 2040 creaturae,
1035 1958 1103 2022 siue
1123 1957 1197 2040 quia
1216 1963 1301 2027 aute.

147 2084 269 2130 omnem
281 2067 467 2140 creaturam,
479 2064 547 2129 siue
557 2063 632 2145 quia
641 2067 781 2142 sanctus,
793 2063 866 2146 quia
879 2063 1083 2147 primogeniti
1092 2065 1193 2130 sancti
1204 2069 1288 2131 sunt.

146 2174 183 2236 ut
204 2171 483 2254 primogenitus
512 2171 687 2247 Istrahel,
712 2190 774 2235 non
798 2171 873 2252 quia
896 2172 968 2234 ante
992 2189 1110 2250 omnes,
1136 2170 1190 2236 sed
1215 2172 1288 2253 quia

146 2277 285 2342 sanctior
299 2277 423 2341 ceteris.
435 2279 565 2341 sanctus
581 2279 688 2342 autem
702 2275 848 2342 dominns
865 2295 960 2359 super
973 2295 1096 2340 omnem
1112 2280 1288 2343 creaturam

145 2387 177 2448 et
204 2383 379 2447 secundum
408 2383 547 2464 corporis
576 2384 821 2465 susceptionem,
846 2383 920 2464 quia
942 2385 1031 2447 solus
1055 2383 1121 2447 sine
1145 2387 1286 2466 peccato,

99 2517 125 2558 20
144 2491 233 2554 solus
249 2489 317 2552 sine
331 2489 483 2567 uanitate,
500 2490 602 2555 omnis
623 2492 729 2554 autem
749 2492 893 2554 creatura
911 2490 1055 2554 subiecta
1072 2491 1208 2554 uanitati
1227 2495 1285 2556 est.
1305 2498 1328 2550 D

58 2593 97 2654 16
143 2614 316 2678 possumus
337 2595 431 2659 etiam
447 2597 647 2680 intellegere:
667 2597 706 2660 in
729 2595 934 2679 principio
959 2596 1061 2660 fecit
1084 2596 1181 2662 deus
1205 2617 1285 2663 uae-

142 2702 222 2765 lum
256 2704 295 2766 et
326 2705 483 2781 terram,
514 2703 548 2766 id
581 2705 629 2767 est
662 2705 734 2766 anta
766 2706 905 2786 tempus,
939 2702 1024 2767 sicut
1053 2703 1180 2767 initium
1213 2706 1285 2769 uiae

142 2807 281 2871 nondum
304 2808 358 2872 uia
377 2812 426 2874 est
446 2811 478 2873 et
495 2809 623 2873 initium
643 2810 754 2874 domus
773 2810 912 2874 nondum
934 2810 1056 2876 domus.
1077 2811 1211 2893 denique
1231 2813 1284 2876 alii

142 2913 286 2978 dixerunt
309 2912 338 2976 ἐν
357 2915 514 3000 κεφαλαίῳ
539 2916 630 2997 quasi
652 2916 684 2980 in
708 2915 821 2998 capite,
842 2936 903 2998 quo
928 2916 1126 3000 significatur
1143 2918 1175 2982 in
1194 2920 1283 2984 breui

229 3087 363 3142 resera.
383 3086 496 3141 mmm
514 3090 548 3142 aa
590 3089 684 3143 aron.
703 3090 728 3152 s,
748 3091 783 3143 44
823 3059 942 3158 rapta.
964 3091 1144 3154 1,17;216
1189 3093 1280 3146 aron.

139 3177 164 3238 8,
184 3175 218 3230 25
271 3177 304 3230 10
323 3175 449 3243 Prouerb,
469 3176 494 3240 8,
514 3177 557 3241 22,
577 3178 609 3231 of.
629 3178 693 3231 Luc.
712 3178 755 3243 20,
775 3179 806 3231 21
869 3178 1060 3242 1310h.1,3
1126 3181 1159 3233 14
1179 3179 1280 3234 Coloss

140 3264 164 3326 1,
185 3264 218 3317 17
275 3264 307 3317 15
327 3263 429 3320 conss.
451 3267 475 3330 1,
496 3266 528 3320 15
584 3267 617 3320 17
636 3266 718 3320 uxor
738 3269 764 3329 4,
784 3269 818 3320 m
882 3267 1110 3332 ronanam
1166 3270 1200 3323 24
1219 3270 1280 3324 aas.

141 3351 262 3417 unu
281 3353 315 3418 Β)

176 3457 187 3509 1
209 3456 356 3511 debeamus
375 3458 419 3529 (de
439 3475 473 3512 ex
491 3459 518 3512 di
536 3463 593 3526 m3)
616 3460 640 3513 Ο
719 3461 735 3515 3
755 3461 864 3515 diabulo
887 3461 935 3516 GG
1015 3464 1033 3516 4
1052 3465 1192 3532 mysticum
1213 3465 1283 3521 um

137 3546 274 3598 misticum
293 3551 339 3599 eet.
423 3548 437 3600 7
458 3547 531 3616 quod
551 3548 574 3600 G
592 3552 650 3617 (m2
669 3549 744 3618 quid)
764 3551 788 3606 a
808 3549 853 3619 (od
869 3550 902 3603 iu
920 3567 975 3604 rus.
995 3555 1052 3620 ua2)
1127 3554 1143 3608 8
1162 3557 1225 3607 ante
1238 3598 1242 3607 .
1255 3598 1278 3607 ..

136 3649 214 3686 nemo
235 3649 284 3687 om.
308 3633 336 3698 0,
355 3635 387 3688 iu
405 3653 455 3705 rap.
474 3640 522 3688 ru2
543 3636 568 3690 G
658 3640 674 3691 9
693 3639 782 3707 ipsum
802 3642 844 3692 est
865 3638 888 3692 0
896 3639 918 3691 V
938 3640 1026 3709 ipsum
1047 3644 1089 3694 est
1108 3648 1136 3695 et
1154 3642 1192 3712 (et
1211 3659 1231 3696 s.
1251 3661 1278 3696 a.

136 3724 193 3789 2122)
216 3721 241 3775 G
260 3723 348 3791 ipsum
368 3727 395 3776 et
413 3723 450 3786 N,
469 3725 534 3789 tort.
554 3731 624 3778 reete
675 3727 708 3780 10
727 3726 844 3780 disceret
860 3727 883 3780 G
901 3732 940 3794 (sc
958 3730 989 3782 tre
1006 3735 1073 3796 rus.)
1126 3730 1159 3784 14
1176 3731 1278 3803 inipso

136 3811 195 3864 uita
214 3815 255 3864 est
275 3812 337 3879 quia
355 3812 382 3864 in
402 3813 461 3881 ipso
483 3812 565 3867 Gua2
582 3815 648 3868 N‘B
753 3818 785 3869 15
803 3817 889 3869 totius
912 3817 1094 3872 CGVomnis
1112 3819 1146 3872 N
1233 3824 1278 3891 qui

137 3902 198 3952 aute
220 3899 272 3951 GV
289 3905 314 3953 et
332 3901 407 3970 (quia
425 3902 481 3969 eu2)
504 3900 530 3954 G
638 3904 670 3957 17
690 3904 790 3957 israhel
811 3904 987 3961 OGVuM‘B
1011 3907 1062 3960 isrl
1084 3915 1130 3962 eet.
1155 3910 1204 3980 (sic
1221 3913 1278 3979 sere

134 4003 237 4054 semper
256 3987 328 4050 libri,
347 4005 497 4056 cruorquouu
515 3989 642 4057 Istrahel)
681 3994 713 4046 21
734 3994 865 4062 possimus
883 3993 906 4045 0
923 3994 1072 4064 (possemus
1091 3998 1148 4068 m3)
1185 4001 1219 4054 23
1234 4002 1277 4055 uie

136 4079 177 4129 est
197 4080 225 4128 et
248 4075 333 4131 Vuie
353 4081 381 4131 et
400 4077 426 4130 G
443 4079 487 4149 uip
507 4083 564 4146 (m2
582 4082 637 4147 uia)
659 4086 687 4135 et
708 4082 733 4136 G
752 4083 796 4135 uia
816 4086 844 4135 et
862 4082 892 4135 N
928 4086 962 4137 24
980 4085 1114 4139 lncefaleo
1137 4087 1276 4154 Cincele-

134 4163 205 4217 laleo
219 4164 244 4218 G
258 4164 401 4220 incefaleoi
416 4167 441 4219 V
452 4168 480 4222 in
494 4169 614 4223 cefaleon
627 4171 722 4227 ltM‘B
736 4173 764 4225 in
780 4173 908 4241 cephaleo
922 4173 981 4227 MS
997 4172 1232 4232 ENCEFALeON
1245 4180 1276 4236 tl
