3008 4666
85 937 131 1016 .,1
153 965 156 968 ·
226 933 294 998 Noe
315 933 417 997 sancti
435 932 596 997 adorimur
617 931 718 995 uitam
737 951 839 996 mores
860 935 960 1014 gesta,
981 931 1183 996 altitudinem
1203 951 1328 1014 quoque
1337 936 1426 990 2210

181 1039 297 1103 mentis
331 1038 505 1120 explanare,
535 1037 563 1101 si
595 1056 779 1120 possumus.
814 1055 887 1100 nam
920 1056 992 1100 curn
1025 1037 1094 1119 ipsa
1127 1037 1330 1121 philosophia
1357 1044 1379 1096 B

182 1145 295 1209 dixerit
317 1144 397 1209 nihil
421 1143 584 1208 difficilius
609 1163 701 1226 quam
727 1144 865 1208 hominis
888 1143 1038 1207 interiora
1058 1145 1329 1226 comprehendere,

182 1254 297 1332 quanto
322 1251 426 1335 magis
451 1249 580 1314 difficile
608 1249 688 1314 iusti
715 1249 777 1313 uiri
805 1252 943 1313 mentem
972 1254 1184 1332 cognoscere?
1214 1252 1328 1314 etenim

148 1377 277 1440 squem
310 1358 456 1423 dominus
490 1358 567 1421 deus
601 1357 640 1421 ad
671 1357 888 1421 renouandum
914 1375 1022 1421 semen
1046 1356 1209 1421 hominum
1233 1378 1330 1423 10001-

182 1465 282 1540 uauit
306 1467 344 1529 ut
368 1467 454 1528 esset
475 1464 619 1528 iustitiae
645 1463 858 1541 seminarium,
883 1463 1016 1547 dignum
1040 1468 1090 1527 est
1113 1467 1150 1528 ut
1173 1485 1230 1530 nos
1254 1486 1331 1547 quo·

183 1590 242 1653 que
266 1590 338 1635 eum
358 1570 575 1635 describamus
595 1569 635 1633 ad
652 1570 863 1634 imitationem
883 1570 1024 1634 omnium
1044 1573 1075 1634 et
1092 1569 1330 1652 requiescamus

182 1678 214 1741 in
231 1697 270 1743 eo
283 1678 321 1742 ab
338 1677 422 1741 omni
437 1677 531 1741 istius
551 1676 663 1740 mundi
683 1676 909 1750 sollicitudine,
931 1695 1023 1758 quarn
1044 1677 1175 1742 cottidie
1195 1677 1330 1742 diuersis

183 1785 449 1868 exagitationibus
483 1784 692 1849 sustinemus.
725 1783 826 1865 pudet
856 1782 932 1847 filiis
965 1783 1180 1864 superuiuere‚
1213 1784 1329 1855 taedet,
1359 1790 1379 1842 C

138 1922 164 1960 10
183 1910 255 1955 cum
282 1894 332 1956 tot
355 1892 489 1956 aduersa
512 1891 678 1955 audiamus
699 1890 945 1967 carissimorum,
964 1891 1071 1954 lucem
1089 1891 1168 1954 hane
1189 1909 1330 1971 carpere:

181 1999 322 2081 ipsarum
347 1998 554 2063 ecclesiarum
578 1997 723 2062 diuersos
743 1997 860 2061 fluctus
880 1999 1153 2079 tempestatesque
1172 1998 1226 2062 uel
1245 2015 1330 2078 prae·

183 2107 289 2170 sentes
314 2106 420 2169 subire
444 2105 497 2168 uel
520 2104 660 2187 recipere
685 2103 787 2168 animo
813 2104 883 2185 quis
908 2107 974 2168 tam
998 2103 1089 2168 fortis
1114 2106 1151 2167 ut
1174 2103 1332 2186 patienter

182 2212 283 2275 ferat?
308 2215 340 2276 et
362 2211 434 2277 ideo
459 2211 552 2275 nohis
577 2229 702 2293 quoque
728 2210 915 2273 adfectanda
942 2210 1020 2275 haec
1048 2210 1174 2291 requies
1198 2210 1270 2287 fuit,
1295 2213 1333 2273 ut

183 2317 259 2381 dum
281 2319 349 2383 Noe
376 2322 523 2383 sanctum
547 2317 664 2382 maiore
688 2316 861 2380 intentione
886 2317 1134 2394 consideramus„
1153 2316 1332 2381 reficiamur

139 2427 307 2500 latinos,
333 2425 418 2490 sieut
450 2444 542 2489 omne
576 2442 675 2505 genus
707 2424 740 2487 in
763 2423 820 2486 1110
845 2424 1005 2504 requieuit
1028 2424 1066 2488 ab
1092 2424 1238 2508 operibus
1264 2424 1330 2488 suis

92 2526 112 2587 2
183 2535 277 2613 atque
309 2532 479 2597 maestitia.
513 2532 596 2595 unde
630 2535 662 2594 et
695 2529 761 2593 Noe
796 2529 921 2607 dieitur,
961 2531 1044 2612 quod
1081 2530 1177 2594 latine
1216 2530 1382 2598 dieitur·D

181 2637 287 2702 iustus
320 2639 374 2702 uel
406 2638 542 2721 requies.
577 2636 711 2719 denique
744 2639 776 2700 et
807 2640 954 2716 parentes
988 2637 1056 2701 eius
1087 2636 1232 2700 dixerunt
1257 2637 1330 2718 quia

182 2744 242 2808 hic
274 2764 340 2809 nos
373 2745 493 2809 faciet
525 2744 766 2825 requiescere
791 2746 833 2809 ab
859 2744 1037 2827 operibus
1062 2747 1099 2806 et
1123 2762 1141 2806 a
1162 2742 1329 2806 tristitia

183 2853 219 2914 et
243 2870 260 2913 a
288 2854 400 2928 terra,
435 2852 494 2915 eui
529 2850 724 2914 maledixit
759 2851 931 2915 dominus
965 2849 1065 2913 deus.
1102 2850 1186 2930 quod
1217 2849 1328 2929 utique

137 2983 164 3023 ao
183 2957 211 3020 si
234 2957 273 3020 ad
297 2977 334 3021 ea
357 2976 436 3039 quae
460 2958 544 3021 iacta
563 2960 639 3021 sunt
656 2956 856 3021 refemndum
874 2959 979 3038 putes,
999 2975 1070 3020 eum
1091 2954 1250 3020 diluuium
1269 2955 1328 3019 suh

184 3082 219 3127 eo
244 3064 364 3128 facturn
390 3064 441 3140 sit,
466 3083 527 3128 non
552 3064 678 3145 requies
710 3063 905 3141 homiuibus,
930 3064 987 3128 sed
1009 3063 1158 3127 interitus
1183 3063 1330 3127 uideatur

271 3273 287 3324 4
308 3272 373 3327 Gen.
394 3273 418 3334 6,
439 3273 454 3325 9
529 3273 562 3325 16
582 3271 647 3326 Cen.
668 3275 693 3336 6,
713 3273 728 3325 9
748 3272 827 3325 Philo
846 3272 930 3341 Legg.
951 3272 1032 3340 alleg.
1052 3271 1095 3323 Ill
1116 3272 1151 3323 24
1171 3271 1194 3340 (Ι
1216 3253 1273 3334 102,
1294 3272 1328 3324 22

182 3359 239 3424 M.;
258 3360 272 3412 l
293 3362 352 3427 129,
373 3361 406 3413 22
428 3360 469 3428 C.)
526 3362 559 3414 17
580 3360 645 3414 Gen.
666 3363 691 3425 5,
711 3361 745 3413 29
765 3361 844 3414 Philo
865 3360 973 3425 Quaest.
995 3360 1023 3412 in
1044 3358 1109 3412 Gen.
1129 3358 1194 3412 187

218 3483 355 3538 INCIPIT
388 3484 436 3537 DE
472 3484 547 3538 Nou
585 3485 695 3539 LIBER
730 3484 865 3538 PRIMUS
903 3483 1010 3537 BllATl
1047 3481 1222 3537 AMBROSII
1254 3483 1328 3536 EPI-

184 3571 288 3627 SCOPI
317 3573 379 3626 PT‘
411 3573 548 3628 INCIPIT
580 3574 628 3627 Ill]
657 3573 732 3627 NOE
763 3574 808 3626 ET
837 3573 958 3628 ARCHA
989 3572 1022 3625 N
1050 3572 1187 3627 INCIPIT
1220 3572 1329 3625 LIBER

182 3659 390 3716 BRATISSIMI
417 3662 593 3716 AMBROSII
620 3661 917 3716 MEDIOLANENSIS
945 3660 1113 3716 EPISCOPI
1135 3661 1184 3714 DII
1208 3660 1328 3714 PATRI-

182 3748 500 3804 Ancharianam
523 3751 548 3803 Τ
563 3767 621 3805 noa
639 3756 678 3804 est
695 3751 840 3818 inscriptio
908 3751 925 3802 2
944 3750 1087 3819 filosophia
1105 3749 1132 3801 P
1149 3749 1329 3818 phylosophia

185 3837 274 3891 TT‘B
363 3837 511 3892 4diffieile
530 3855 580 3892 000.
600 3837 634 3891 Ν
709 3838 761 3890 uiri
779 3838 845 3891 iusti
864 3838 895 3889 N
983 3837 1201 3890 Idoscrihanrus
1222 3853 1282 3890 eum
1300 3838 1331 3890 N

217 3925 357 3979 hominurn
380 3926 405 3979 T
458 3926 474 3980 8
494 3926 607 3980 cottidie
626 3927 654 3979 P
671 3925 787 3980 cotidiae
806 3926 1014 3997 (transpositam
1029 3930 1094 3993 post
1112 3926 1287 3992 sustinemus)
1306 3926 1332 3979 T

184 4014 283 4068 cotidie
302 4021 350 4069 cet.
407 4015 438 4067 11
460 4014 581 4069 diuersos
599 4015 627 4068 P
646 4020 669 4081 (s
690 4016 738 4072 alt.
758 4032 779 4072 s.
798 4015 837 4085 0.)
893 4017 926 4068 12
947 4015 1035 4068 01110110
1054 4032 1074 4067 s.
1094 4031 1121 4067 0,
1141 4015 1168 4067 Ρ
1239 4017 1329 4069 animo

183 4103 301 4172 recipere
321 4103 355 4156 N
407 4103 439 4157 13
459 4121 565 4174 quoque
585 4105 664 4157 nobis
683 4106 711 4157 B
767 4105 800 4158 14
820 4104 1017 4175 consideremus
1037 4103 1065 4156 P
1083 4108 1110 4168 (a
1127 4119 1147 4156 a.
1169 4109 1193 4170 q)
