3008 4666
161 280 226 344 452
650 277 848 330 Ambrosii

159 475 251 538 uelut
279 477 435 538 exsortem
462 473 730 537 inrationabilium
762 474 948 551 passionum
981 475 1084 539 solum
1118 474 1308 538 remansisse

160 599 231 645 cum
266 582 344 644 suis.
373 581 423 643 sui
451 585 557 644 autem
587 584 663 643 sunt
690 599 787 663 purae
816 580 911 644 animi
940 580 1197 663 disceptationes
1227 600 1308 663 quae
1371 599 1394 654 p

159 687 272 750 uirtuti
303 687 500 751 adhaereant.
536 690 567 751 et
594 687 673 750 bene
698 686 817 750 addidit
842 687 872 750 in
898 705 969 751 arca
991 688 1191 765 remansisse,
1217 690 1308 768 quasi

159 795 212 858 uix
236 794 385 858 credibile
405 793 579 874 amputatis
599 793 815 875 corporalibus
834 793 1036 875 passionibus
1056 794 1217 858 uideretur
1236 814 1308 857 eum

160 901 261 965 adbuc
285 901 405 965 uersari
428 901 459 964 in
484 919 622 982 corpore,
648 918 720 981 quo,
744 899 821 963 licet
844 901 905 963 iam
930 901 1062 964 terrenis
1092 904 1211 965 careret
1239 920 1310 964 con·
1342 924 1354 964 ⁵

158 1009 266 1090 tagiis,
294 1008 510 1088 incorruptam
538 1007 625 1084 licet,
651 1007 790 1089 corporis
823 1009 928 1070 tamen
963 1007 1065 1070 adhuc
1098 1007 1311 1071 substantiam

159 1115 342 1180 reseruabat
380 1116 412 1176 et
448 1115 541 1179 uelut
576 1115 780 1197 incorporeus
819 1114 851 1177 in
890 1133 1018 1196 corpore
1057 1115 1312 1197 superferebatur

161 1220 293 1298 diluuio,
331 1240 391 1284 non
424 1221 661 1297 absorbebatur,
698 1240 813 1303 corpus
847 1221 974 1302 quidem
1008 1240 1120 1305 gerens
1154 1222 1246 1304 quasi
1277 1221 1309 1284 in

160 1346 248 1391 arcae
285 1327 411 1408 positus
449 1328 582 1406 interno,
613 1328 669 1391 sed
707 1328 761 1410 qui
799 1347 912 1408 corpus
949 1329 1055 1411 ipsum
1087 1328 1310 1412 insuperabilis

160 1435 363 1518 passionibus
398 1437 488 1517 quasi
521 1436 724 1517 incorporeus
758 1435 790 1500 in
827 1434 931 1499 medio
968 1437 1129 1499 tantorum
1163 1438 1309 1499 motuum
1329 1443 1395 1496 on

163 1544 363 1625 gubernaret.

51 1649 160 1732 lo,5o
206 1651 356 1714 Memor
378 1649 460 1714 fuit
484 1650 670 1714 dominus
694 1649 776 1714 Noe
802 1652 840 1713 et
858 1649 1088 1714 bestiarum
1108 1649 1310 1712 etiamen-

162 1762 310 1837 torum‚
344 1761 382 1821 ut
412 1757 517 1839 inquit
545 1758 702 1838 scriptura
731 1757 847 1824 diuina.
880 1760 1051 1822 mouentur
1077 1757 1220 1839 plerique
1249 1775 1312 1838 qua

164 1883 257 1928 causa
288 1885 348 1929 non
377 1863 490 1928 dixerit
513 1865 647 1946 scriptor
671 1864 756 1946 quod
780 1864 875 1927 etiam
899 1863 1003 1928 uxoris
1028 1866 1060 1927 et
1082 1863 1217 1928 filiorum
1242 1863 1311 1927 Noe
1357 1880 1409 1934 251

163 1990 284 2035 memor
307 1970 369 2033 fuit
392 1969 480 2041 deus,
501 1989 574 2033 cum
592 1969 764 2034 bestiarum
784 1969 881 2033 fuerit
899 1973 929 2032 et
949 1970 1160 2033 iumentorum
1181 1989 1312 2032 memor.
1334 1989 1359 2028 ιιι

166 2077 221 2140 sed
250 2096 323 2140 oum
352 2077 463 2141 dixerit
488 2077 572 2158 quod
595 2096 716 2140 memor
739 2076 807 2140 Noe
831 2077 937 2153 fixerit,
962 2077 994 2140 in
1019 2079 1147 2140 auctore
1172 2081 1203 2140 et
1225 2095 1314 2157 prae-

167 2185 237 2248 sule
261 2184 374 2247 domus
403 2182 653 2247 necessitudines
682 2183 751 2246 eius
780 2182 919 2264 reliquas
948 2182 1182 2264 conprehendit.
1219 2183 1315 2246 simul

168 2289 298 2371 exprimi
322 2289 449 2352 uidetur
473 2287 600 2370 quidam
623 2289 816 2371 reliquarum
841 2308 1013 2354 consensus
1032 2289 1314 2353 necessitudinum.

168 2397 284 2461 etenim
308 2416 380 2460 enm
406 2416 514 2460 omnes
545 2397 683 2460 inuicem
712 2397 774 2461 sibi
802 2397 864 2460 cari
894 2400 978 2473 sunt,
1011 2416 1073 2459 una
1105 2400 1154 2460 est
1186 2397 1314 2471 domus;

169 2523 241 2568 cum
279 2508 385 2567 autem
420 2503 609 2585 discrepant,
644 2507 829 2586 separantur
861 2506 893 2567 et
925 2503 1112 2567 scinduntur
1143 2503 1175 2566 in
1207 2505 1315 2585 plures
1334 2523 1360 2562 ao

169 2611 290 2676 domos.
315 2609 370 2673 ubi
394 2628 467 2691 ergo
493 2610 618 2687 caritas,
643 2610 687 2674 ibi
713 2610 845 2673 senioris
869 2610 1005 2685 nomine,
1030 2610 1067 2674 de
1092 2630 1153 2691 quo
1176 2610 1315 2690 pendent

170 2717 276 2792 ceteri,
306 2717 417 2780 domus
447 2716 548 2781 omnis
576 2716 782 2800 significatur,
811 2720 848 2780 ut
880 2717 908 2780 si
941 2716 1011 2798 quis
1041 2717 1185 2802 *arborem
1220 2717 1315 2794 dicat,
1380 2727 1401 2778 B

169 2823 281 2903 utique
307 2823 532 2904 conprehendit
557 2826 589 2887 et
611 2841 725 2901 ramos
752 2825 778 2886 si
802 2823 873 2905 quis
896 2842 1021 2886 ramum
1044 2823 1195 2902 nominet,
1220 2824 1316 2888 etiam

169 2928 291 2993 fruetus
326 2931 380 3011 qui
412 2930 442 2993 in
477 2949 513 2993 eo
548 2934 624 2994 sunt
655 2930 773 3010 pariter
805 2949 867 2992 uno
901 2932 996 3011 atque
1030 2930 1139 2994 eodem
1172 2949 1316 2994 sermone

104 3045 144 3106 57
171 3035 390 3117 conplectitur.
414 3055 472 3100 nec
495 3036 576 3100 illud
602 3037 738 3101 otiosum
766 3035 850 3118 quod
872 3037 973 3117 primo
999 3036 1077 3100 dixit
1100 3037 1174 3118 quia
1195 3055 1318 3101 memor
1336 3056 1362 3095 2⁵

169 3142 231 3205 fuit
255 3143 331 3206 deus
350 3143 429 3219 Noe,
450 3143 562 3206 deinde
587 3143 771 3220 bestiarum,
796 3146 907 3224 postea
935 3142 1159 3219 iumentorum,
1183 3143 1243 3207 hoc
1267 3146 1319 3208 est

170 3267 226 3312 eur
248 3269 307 3313 non
334 3268 368 3312 ea
394 3250 564 3313 animantia
588 3268 667 3330 quae
691 3249 818 3313 mitiora
841 3252 916 3313 sunt
938 3253 1013 3331 post
1035 3251 1193 3314 hominem
1218 3251 1317 3314 nomi-

261 3494 293 3544 12
313 3491 379 3544 Gen.
400 3492 425 3558 8,
447 3493 460 3544 1
480 3492 560 3544 Philo
580 3490 692 3556 Quaest.
711 3491 740 3544 II
760 3492 794 3544 26
850 3492 884 3544 25
903 3491 982 3544 Philo
1002 3490 1112 3556 Quaest.
1132 3491 1213 3545 1127

206 3634 222 3686 2
242 3649 304 3685 suae
324 3633 351 3684 P
369 3632 389 3702 (i
408 3635 455 3685 oi2
473 3649 493 3685 s.
515 3635 557 3698 ae)
577 3632 602 3684 T
649 3633 664 3686 3
685 3631 762 3684 addit
779 3631 804 3684 T
874 3632 1006 3684 mansisse
1021 3631 1049 3683 B
1103 3632 1118 3684 5
1138 3629 1276 3682 uerberari
1290 3631 1318 3682 P

172 3720 216 3787 (be
236 3737 314 3782 eras,
335 3737 346 3773 s
366 3724 413 3772 or2
435 3737 456 3774 a.
480 3738 493 3774 r
518 3722 578 3785 alt.)
604 3721 736 3775 reseruati
758 3719 927 3773 eraserunt
946 3720 984 3772 M
1081 3718 1153 3788 quod
1176 3719 1319 3772 TDBOM

171 3811 186 3862 7
206 3810 377 3878 incorporeus
400 3809 495 3862 T‘DN
513 3826 654 3878 corporeus
674 3814 720 3862 oet.
830 3809 858 3860 in
879 3824 928 3864 orn.
948 3809 1012 3862 DN
1102 3808 1118 3860 8
1139 3807 1242 3861 diluuio
1261 3825 1315 3861 non

171 3897 367 3950 absorbebatur
384 3897 485 3980 oms
539 3899 571 3951 10
590 3899 617 3950 in
641 3898 666 3950 T
684 3901 712 3964 (n
731 3913 751 3950 s.
771 3897 809 3962 a.)
877 3895 1007 3949 fluctuum
1027 3896 1054 3948 B
1107 3897 1139 3950 15
1157 3912 1315 3962 memorpr.

170 4001 221 4038 om.
240 3985 361 4039 DNCM
432 3985 481 4040 dus
503 3985 660 4040 PDNOM
728 4002 829 4038 memor
849 3986 876 4038 et
894 3985 1074 4038 iumentorum
1093 3985 1120 4036 B
1212 3987 1245 4041 16
1264 4001 1316 4039 noe

169 4101 410 4155 memorDNCM
476 4102 508 4155 21
530 4101 711 4172 domosP(o
732 4102 781 4154 ott.
801 4117 834 4154 ecc
851 4101 880 4171 u)
948 4101 981 4154 22
1003 4066 1141 4165 domqisP
1207 4101 1241 4154 27
1261 4118 1316 4154 non

170 4190 213 4257 ea]
232 4206 285 4242 non
304 4190 367 4244 DN
380 4207 432 4244 noe
455 4189 513 4244 OM
