2978 4666
237 228 302 290 436
710 222 909 275 Ambrosii

237 419 368 500 quidem
390 419 492 502 prima
516 418 621 500 specie
644 417 731 482 Adae
753 417 813 483 illi.
838 417 892 498 qui
915 416 954 480 de
977 420 1061 480 terra
1083 417 1189 481 factus
1214 426 1277 496 est,
1302 438 1388 483 oom-

237 527 337 608 parari
365 526 435 589 Noe
462 527 513 588 uir
539 525 656 589 iustus.
684 525 758 605 quia
785 526 817 586 et
845 524 884 587 de
911 525 967 587 illo
996 525 1151 607 scriptum
1179 530 1230 589 est
1260 527 1387 607 quode

236 634 382 713 paradiso
406 635 526 696 eiectus
549 633 689 714 coeperit
713 632 834 712 operari
856 635 982 695 terram.
1007 632 1046 695 de
1068 633 1132 695 isto
1157 650 1286 713 quoque
1311 653 1388 715 quo-

236 740 319 802 niam
344 759 492 822 egressus
516 758 552 802 ex
575 757 648 801 arca
670 738 774 801 factus
799 739 841 800 sit
865 738 1014 819 agricola.
1044 741 1077 800 et
1099 738 1332 820 propemodum
1355 738 1387 800 in

236 851 371 927 utroque
395 851 608 928 praecesserat
632 845 787 926 quaedam
811 846 913 907 forma
931 844 1058 921 diluuii,
1078 845 1154 926 quia
1173 849 1206 908 et
1222 844 1294 908 Noe
1312 849 1387 927 post
1414 865 1427 903 s

237 954 395 1018 diluuium
433 958 465 1017 et
500 953 600 1016 Adam
642 957 716 1034 post
756 953 867 1015 mundi
908 952 1168 1017 constitutionem
1209 952 1386 1016 secundum

236 1060 425 1143 figmentum
457 1061 607 1142 corporis.
645 1079 717 1123 nam
749 1064 785 1122 ut
817 1059 955 1122 mundus
988 1057 1088 1123 fieret.
1117 1062 1309 1142 congregata
1337 1061 1388 1122 est
1447 1060 1466 1116 c

238 1188 318 1250 aqua
346 1169 376 1230 in
404 1187 499 1229 unam
528 1166 815 1249 congregationem,
843 1170 880 1229 ut
907 1166 1069 1229 uideretur
1090 1171 1184 1244 terra,
1208 1185 1289 1247 quae
1313 1169 1387 1228 ante

237 1294 297 1337 non
321 1278 444 1356 poterat
466 1294 523 1354 per
545 1293 699 1355 aquarum
722 1274 941 1337 confusionem
968 1272 1079 1336 uideri.
1112 1292 1188 1355 ergo
1216 1273 1302 1335 siout
1331 1271 1387 1334 ille

236 1382 428 1464 primigenes
452 1381 604 1463 magister
626 1385 741 1443 terram
765 1379 894 1443 uidetur
916 1384 1076 1460 operatus.
1099 1380 1144 1443 ita
1163 1380 1262 1442 etiam
1281 1397 1387 1462 egres-
1404 1398 1428 1437 ιο

237 1508 292 1551 sus
324 1507 359 1550 ex
388 1507 460 1552 arca
486 1487 556 1551 Noe
584 1488 801 1551 seminationis
831 1492 863 1550 et
890 1488 1034 1551 culturae
1062 1494 1172 1550 auctor
1195 1490 1246 1550 est
1268 1487 1385 1550 factus.

237 1596 314 1657 haec
336 1598 491 1676 putantur
512 1595 645 1657 similia:
670 1594 726 1656 sed
749 1594 777 1656 si
800 1594 898 1657 uerba
921 1595 1111 1672 consideres,
1131 1613 1211 1675 quae
1233 1594 1298 1656 iam
1318 1594 1386 1656 uim

236 1721 349 1764 sensus
379 1701 500 1763 altioris
528 1700 717 1781 exprimunt,
747 1699 834 1762 alind
862 1705 911 1762 est
939 1703 1135 1781 operatorem
1167 1702 1270 1763 terrae
1303 1719 1386 1777 esse,

237 1808 324 1871 aliud
348 1808 534 1891 agricolam
559 1807 641 1869 alius
666 1807 748 1868 enim
772 1811 936 1887 tamquam
960 1806 1175 1884 mercennarii,
1199 1807 1282 1870 alius
1304 1811 1387 1870 tam·

236 1934 329 1995 qnam
354 1915 454 1995 patris
477 1913 614 1976 familias
638 1914 708 1976 loco
732 1913 885 1995 fungitur.
910 1914 1044 1994 denique
1068 1913 1155 1990 cain,
1180 1913 1467 1995 qnifratrem1⁵D

134 2083 152 2103 ,
236 2021 364 2096 occidit,
388 2025 454 2084 erat
477 2021 638 2101 operarius
662 2022 773 2083 terrae.
799 2023 830 2082 et
852 2023 889 2083 ut
913 2020 995 2083 scias
1020 2021 1104 2101 quod
1128 2021 1249 2102 operari
1267 2025 1386 2085 terram

235 2129 338 2210 magis
373 2128 488 2190 seruile
520 2146 616 2208 qnam
647 2127 783 2190 liberum
811 2127 864 2203 sit,
892 2127 1062 2190 maledicto
1088 2127 1286 2210 parricidalis
1315 2129 1385 2192 eius

236 2234 377 2316 operatio
416 2233 689 2315 conprehenditur.
727 2233 862 2314 deniqne
899 2234 1053 2316 scriptum
1091 2238 1154 2298 est:
1195 2236 1385 2316 quoniam

237 2341 477 2422 operaberis
502 2344 650 2403 terram
674 2343 712 2401 et
735 2357 809 2402 non
841 2340 1009 2421 augebit
1039 2340 1239 2404 uirtutem
1270 2360 1383 2405 suam

237 2447 329 2510 dare
360 2446 450 2510 tibi.
485 2465 646 2529 gemens
678 2450 715 2508 et
745 2449 924 2508 tremens
955 2447 1039 2508 eris
1073 2465 1196 2527 snper
1226 2449 1430 2513 terrama

147 2549 212 2613 108
235 2558 319 2617 terra
347 2556 454 2616 autem
482 2572 553 2615 caro
577 2554 684 2614 nostra
707 2555 767 2625 est,
792 2572 888 2633 quam
911 2552 1075 2634 improbus
1100 2557 1257 2634 operatur,
1280 2554 1385 2618 bonus

236 2666 343 2724 antem
367 2659 492 2734 excolit,
515 2658 570 2720 ille
594 2658 685 2739 quasi
709 2658 886 2721 mercedem
911 2664 1040 2740 quaerat
1064 2663 1192 2737 eterra,
1210 2660 1273 2724 iste
1293 2662 1386 2742 qnasi

235 2768 335 2831 bonae
359 2767 483 2830 fructus
507 2764 612 2845 capiat
636 2769 668 2827 et
692 2766 825 2848 gratiam
854 2765 1050 2846 disciplinae,
1078 2770 1115 2828 ut
1142 2766 1246 2850 magis
1273 2768 1384 2832 fructi-
1451 2765 1472 2819 E

235 2874 338 2936 terum
371 2893 481 2956 agrum
514 2872 612 2935 faciat
644 2891 738 2935 suum
772 2877 803 2934 et
837 2873 891 2953 qui
919 2872 1038 2936 domini
1065 2873 1169 2954 possit
1195 2873 1386 2954 respondere

325 3079 427 3136 3Gen.
447 3081 472 3142 3,
492 3081 526 3133 23
583 3079 684 3134 lGen.
706 3082 767 3145 1,9
822 3081 855 3134 12
873 3081 953 3134 Philo
973 3080 1006 3135 de
1025 3082 1085 3150 agri
1103 3081 1320 3147 adaldado,
1338 3083 1383 3148 16)

237 3170 270 3223 16
289 3169 355 3225 Gen.
374 3171 437 3231 4,2
528 3170 561 3224 18
581 3168 693 3234 Gend,
714 3170 747 3223 12
838 3171 870 3222 21
890 3169 970 3223 Philo
990 3169 1023 3222 de
1042 3171 1102 3239 agri
1121 3170 1185 3223 cult.
1205 3173 1221 3224 5
1242 3171 1316 3237 (303,
1336 3172 1383 3238 37)

235 3261 270 3312 24
290 3258 370 3327 [erg.
391 3258 489 3327 Georg.
509 3259 522 3311 Ι
540 3261 575 3313 47

272 3430 286 3481 1
305 3427 393 3497 prima
412 3433 501 3498 specie
523 3429 585 3481 T'B
608 3409 708 3498 prima-
722 3429 811 3498 specie
830 3429 858 3482 P
874 3430 898 3498 (s
912 3446 933 3482 s.
952 3446 978 3481 o.
999 3433 1081 3494 cros.)
1100 3430 1216 3499 primum
1235 3445 1251 3481 a
1271 3429 1316 3494 (ab
1335 3430 1370 3483 N
1372 3437 1382 3496 )

235 3517 326 3584 specie
345 3523 391 3570 cct.
429 3519 446 3570 2
459 3519 528 3585 sort.
548 3522 579 3570 nt
598 3518 631 3570 de
668 3520 684 3572 5
704 3522 888 3586 praecesserat
906 3518 937 3571 T‘
959 3526 1034 3586 (prae
1053 3535 1087 3571 ex
1099 3520 1158 3586 pro)
1174 3521 1346 3587 processerat
1362 3519 1386 3573 G

235 3607 277 3671 (iu
295 3623 349 3674 quo
364 3606 495 3675 quaedam
507 3611 687 3675 processerat)
703 3613 751 3661 cet.
795 3608 907 3660 8unam
920 3606 948 3658 P
962 3609 988 3670 (a
1002 3623 1036 3659 cx
1049 3612 1077 3672 n)
1115 3608 1209 3675 9per]
1222 3607 1387 3675 propterM

236 3694 269 3748 10
287 3695 450 3764 primigenes
470 3695 497 3748 P
514 3696 534 3759 (i
554 3696 604 3748 alt.
623 3698 671 3747 m2
689 3711 723 3748 cx
741 3694 784 3763 ae)
854 3696 886 3748 12
906 3699 1033 3764 pntanrus
1055 3696 1080 3747 B
1166 3694 1337 3748 consideraes
1357 3696 1385 3748 P

236 3783 373 3837 latonae
387 3783 481 3837 om.B
529 3785 561 3837 15
576 3784 663 3852 patris
679 3788 702 3849 (s
716 3800 737 3836 s.
752 3784 835 3852 o.)P
883 3785 916 3837 16
929 3783 1013 3852 quod]
1029 3783 1142 3852 qnialtl
1186 3785 1219 3837 17
1238 3784 1385 3837 sith

269 3872 449 3942 parricidialis
467 3874 504 3926 M
550 3872 582 3927 18
603 3876 645 3926 est
663 3890 714 3926 om.
733 3872 761 3924 Β
807 3874 839 3926 21
860 3877 953 3926 nostra
972 3890 1034 3925 caro
1052 3873 1081 3924 B
1125 3873 1160 3925 22
1179 3876 1272 3925 autem
1290 3873 1384 3927 om.G

268 3962 316 4016 ille
336 3966 366 4015 ut
385 3960 414 4013 P
429 3962 472 4033 (nt
489 3979 510 4015 s.
529 3967 568 4029 u.)
592 3961 653 4015 T‘B
750 3962 856 4031 quaerit
874 3961 908 4014 N
1001 3965 1105 4014 eterra
1123 3961 1151 4014 P
1169 3963 1228 4025 (m2
1245 3977 1279 4013 aa
1296 3963 1382 4027 terra)

235 4055 328 4104 eterna
348 4050 378 4114 O,
397 4066 448 4106 om.
467 4050 504 4103 Μ
556 4048 1281 4104 23bonaer10lllbonust2T‘bonicet.
1338 4067 1383 4103 oa·

234 4139 276 4208 pit
293 4139 324 4192 D
342 4142 405 4205 (om.
426 4143 464 4206 et)
483 4139 516 4191 N
